3136 5354
674 377 891 436 ...42.„

204 553 312 616 riorum
335 556 543 617 retractatione
565 558 703 619 laborare
725 559 772 618 vel
795 559 939 618 sermonis
962 555 1168 635 proprietates,
1193 557 1234 618 de
1258 557 1362 635 quibus

203 685 292 741 supra
315 665 450 736 diximus,
475 668 644 727 ostendunt.
691 668 751 727 Sed
773 687 845 726 cave
868 665 960 726 verba
983 676 1084 725 nostra
1107 676 1236 742 temptes
1254 669 1357 725 collato

204 774 301 849 capite
328 789 384 848 251
414 766 498 856 (139.
525 769 576 857 6):
605 777 706 833 Castor
726 783 753 833 et
772 777 878 834 Pollux
901 777 978 834 Iouis
1000 782 1028 832 et
1047 775 1140 833 Ledae
1162 775 1229 850 filii
1254 776 1357 832 alterna

204 890 288 941 morte
310 883 441 954 redeant,
464 883 501 942 cf.
526 895 593 943 astr.
619 883 637 940 l.
663 883 682 940 l.
740 960 743 968 Ι

766 1029 795 1084 3.

512 1111 556 1180 lla
582 1109 763 1180 maioribus
788 1109 1060 1180 mutuationibus.

309 1223 415 1282 Paucis
440 1224 582 1299 exemplis
606 1224 646 1294 id,
671 1224 753 1299 quod
777 1224 815 1283 de
839 1223 952 1300 Hygini
976 1223 1108 1282 lontibus
1134 1223 1260 1282 Graecis
1293 1243 1377 1281 con-

203 1329 333 1387 stitutum
357 1341 409 1399 est,
434 1331 570 1406 redargui
593 1331 716 1390 videtur.
763 1334 887 1390 Exstant
911 1332 990 1390 enim
1014 1331 1094 1389 haud
1118 1332 1159 1389 ita
1183 1332 1269 1389 multi
1292 1329 1385 1397 loci,

203 1436 309 1511 quibus
332 1438 437 1496 breves
469 1438 730 1496 adnotatiunculae
753 1457 769 1496 e
792 1450 947 1514 poetarum
970 1439 1144 1497 Latinorum
1179 1438 1395 1496 carminibus

203 1544 349 1602 addantur
373 1556 422 1603 aut
445 1557 648 1622 argumentum
672 1547 848 1605 narrationis
872 1566 940 1604 cum
956 1548 1000 1616 iis,
1019 1565 1095 1622 quae
1111 1547 1153 1603 illi
1169 1548 1398 1622 protulerant,

202 1653 423 1727 conglutinetur
445 1664 495 1711 aut
527 1664 589 1711 tota
620 1654 749 1728 denique
781 1655 909 1712 narratio
944 1656 1045 1712 colore
1076 1655 1208 1729 quodam
1242 1655 1402 1730 poetico

202 1769 327 1817 ornetur.
374 1762 425 1819 Me
448 1761 492 1830 iis,
518 1761 567 1835 qui
591 1761 698 1819 librum
721 1763 888 1819 scholarum
905 1763 969 1820 usui
987 1762 1165 1820 destinatum
1182 1779 1248 1820 esse
1276 1752 1402 1819 obliti

201 1876 276 1935 sunt,
301 1867 353 1925 sed
376 1879 497 1943 propter
525 1878 637 1927 ceteros
668 1870 764 1928 fontes
794 1870 866 1927 talia
889 1888 905 1927 e
928 1871 1028 1928 medio
1060 1870 1164 1928 tollere
1195 1870 1400 1929 voluerunt,

202 1973 337 2031 assentiri
359 1995 421 2033 non
445 1994 533 2050 posse
556 1995 645 2052 supra
668 1977 807 2034 indicavi.
855 1979 893 2034 Et
916 1995 983 2034 cum
1007 1977 1047 2046 id,
1074 1978 1156 2051 quod
1180 1976 1270 2033 nobis
1294 1995 1397 2051 pro-

200 2081 360 2155 posuimus,
386 2084 564 2159 argumentis
589 2084 777 2159 probandum
802 2085 847 2154 sit,
873 2085 1031 2160 quaeritur,
1049 2103 1119 2141 num
1144 2093 1241 2141 certos
1265 2084 1390 2145 locos,

201 2187 251 2262 qni
274 2188 313 2246 ad
336 2200 468 2248 nostram
491 2209 552 2248 rem
576 2201 720 2266 spectant,
739 2192 767 2250 in
792 2192 922 2267 genuina
938 2192 1026 2249 fuisse
1043 2191 1218 2249 recensione
1238 2191 1386 2249 demon-

200 2295 284 2353 strari
307 2298 408 2372 possit.
456 2299 607 2374 Exemplis
640 2310 737 2358 autem
769 2300 916 2358 eiusmodi
948 2299 1060 2358 statutis
1094 2298 1132 2355 de
1164 2297 1271 2355 ceteris
1302 2297 1380 2355 iarn

199 2421 261 2460 non
284 2403 405 2463 difficile
428 2406 481 2463 erit
505 2406 676 2469 diiudicare.
724 2407 842 2465 Initium
865 2408 1008 2466 faciamus
1032 2425 1049 2463 a
1072 2407 1140 2462 loco
1165 2423 1254 2479 supra
1286 2415 1374 2462 trac-

201 2510 268 2567 tatis
292 2511 452 2582 simillimo,
477 2532 536 2588 quo
560 2514 730 2572 nominibus
755 2516 879 2574 Graecis
903 2515 1011 2572 Latina
1034 2513 1197 2572 secundum
1215 2511 1370 2570 Ovidium

200 2617 406 2693 adiunguntur.
454 2622 507 2690 Ea,
532 2640 607 2696 quae
632 2622 739 2680 fabulis
766 2643 793 2692 a,
819 2643 848 2694 4,
876 2638 890 2697 5
917 2623 955 2680 de
978 2620 1166 2679 Athamantis
1190 2619 1306 2676 insania
1331 2626 1366 2676 et

199 2724 237 2782 de
259 2726 328 2783 inus
352 2727 582 2803 Melicertaeque
606 2729 761 2804 apotheosi
784 2730 946 2800 traduntur,
971 2728 1090 2786 Bethius
1106 2721 1127 2810 ¹)
1150 2725 1224 2784 vidit
1240 2726 1363 2784 fluxisse

199 2850 234 2889 ex
263 2833 420 2908 hypothesi
444 2835 568 2910 Graeca,
603 2855 693 2912 quam
725 2847 898 2912 argumenta
932 2836 1096 2895 carminum
1119 2834 1359 2902 lsthmiacorum,

199 2940 291 2998 schol.
329 2943 360 2998 H
385 2944 424 2999 86
454 2945 482 3001 A
506 2945 543 3013 D,
574 2946 658 3003 Paus.
692 2947 705 3001 l
730 2964 781 3016 44.
815 2962 828 3018 7
863 2964 897 3014 s,
932 2944 982 3002 alii
1014 2952 1170 3018 praestant.
1218 2941 1358 3000 Narratio

199 3058 296 3106 autem
321 3049 430 3120 Ovidii,
464 3070 554 3125 quam
586 3055 651 3110 fast.
677 3054 727 3121 VI,
755 3069 926 3128 473-550
952 3061 980 3109 et
1010 3060 1078 3108 met.
1102 3051 1154 3120 IV,
1182 3051 1353 3124 416-—542

198 3157 334 3231 explicat,
354 3157 391 3214 ab
408 3159 580 3234 Hyginiana
603 3162 754 3234 paululum
771 3160 887 3218 diversa
911 3169 962 3219 est.
1010 3159 1086 3215 Nam
1110 3157 1189 3231 apud
1214 3156 1354 3215 Ovidium

198 3262 278 3339 (met.
303 3266 355 3334 IV,
382 3264 456 3344 531)
491 3268 592 3324 Venus
628 3268 804 3342 apotheosin
838 3270 907 3325 Inus
941 3277 970 3324 et
1003 3266 1056 3324 filii
1091 3265 1237 3340 impetrat,
1277 3261 1354 3338 apud

198 3370 351 3446 Hyginum
382 3367 423 3453 (c.
465 3375 495 3452 2)
524 3374 624 3444 Liber,
660 3376 742 3449 quod
775 3376 866 3433 multo
900 3375 994 3450 magis
1027 3392 1094 3430 cum
1124 3382 1229 3429 natura
1263 3369 1353 3445 mythi

198 3479 346 3551 cohaeret,
379 3482 448 3556 quia
472 3485 527 3540 Ino
559 3482 656 3540 nutrix
678 3483 778 3540 Liberi
808 3484 910 3540 suerat.
927 3475 948 3560 2)
995 3481 1088 3554 Quod
1111 3488 1267 3554 praeterea
1289 3496 1352 3536 nar·

197 3595 276 3644 ratur
300 3580 309 3669 (
333 3607 358 3648 c.
384 3609 403 3661 4
427 3599 456 3648 et
481 3591 512 3668 5)
535 3591 745 3648 Athamantem
780 3590 817 3648 in
840 3589 1054 3647 venatione
1078 3586 1245 3645 Learchum
1269 3586 1352 3643 inter·

197 3694 312 3765 fecisse,
346 3696 377 3755 id
411 3697 505 3772 magis
537 3717 603 3755 cum
636 3698 814 3773 Apollodori
846 3696 944 3754 verbis
978 3715 1006 3769 3.
1040 3715 1068 3766 4.
1103 3713 1119 3767 3
1149 3687 1207 3767 (ὥς
1233 3689 1352 3775 ἔλαφον

197 3800 372 3885 θηρεύσας)
403 3824 492 3880 quam
526 3825 592 3864 cum
625 3805 727 3864 Ovidii
759 3804 958 3880 descriptione
988 3802 1134 3861 rhetorica
1168 3799 1249 3876 (met.
1281 3802 1299 3858 l.
1332 3800 1350 3856 l.

200 3926 258 3985 515
299 3911 379 3989 sqq.)
418 3913 562 3988 congruit.
624 3913 824 3971 Nihilominus
863 3911 985 3988 Hygino
1028 3911 1091 3968 sine
1131 3907 1224 3966 dubio
1263 3908 1351 3966 verba

197 4028 304 4092 poetae
336 4019 492 4079 observata
523 4032 599 4091 sunt,
635 4040 702 4079 cum
733 4020 856 4078 nomina
878 4019 987 4078 Latina
1011 4017 1134 4077 Graecis
1169 4015 1294 4073 adderet
1322 4014 1351 4070 in

303 4281 324 4350 ¹)
342 4293 446 4333 rameut.
468 4286 590 4350 mythogr.
611 4286 791 4351 I(genethliac.
807 4285 891 4352 Gott.)
904 4301 929 4348 p.
947 4297 978 4347 33
998 4301 1019 4332 s.
1049 4282 1176 4331 Scholiurn
1191 4278 1350 4328 Homericum

197 4373 416 4438 Philostephanum
434 4384 557 4424 auctorem
576 4376 698 4425 nominat.

303 4460 325 4531 ²)
343 4463 376 4512 cf.
397 4464 457 4512 Luc.
485 4464 546 4512 dial.
574 4482 634 4514 mar.
662 4479 687 4527 9.
712 4480 738 4515 1:
768 4462 835 4516 attat
861 4461 985 4528 κάκείνην
1004 4461 1130 4532 (Inonem)
1156 4465 1240 4511 ouium
1267 4456 1351 4524 δεήσει

193 4557 390 4625 χαρισαμένους
407 4559 442 4623 τῷ
460 4549 586 4625 Διονύσῳ
606 4552 704 4624 τροφὸς
721 4553 776 4627 γὰρ
794 4552 877 4608 αὐτοῦ
896 4558 940 4609 καὶ
958 4560 1033 4619 τίτθη
1054 4551 1070 4623 ἦ
1088 4549 1156 4608 Ἰνώ.
