3120 5354
824 339 1043 398 ..44-

354 534 427 583 utut.
463 519 630 579 Schefferus
666 519 811 581 adductus
846 540 900 597 pro
936 540 1003 580 arca
1039 520 1156 597 scripsit
1190 542 1271 582 area.
1338 521 1400 584 sed
1432 522 1497 583 etiarn
1539 547 1549 601 {r

355 627 472 697 tltucci,
498 628 642 702 equibus
666 629 802 703 Hyginus
826 640 903 687 totus
928 629 1048 704 pendet,
1074 649 1173 688 arcam
1197 642 1456 707 commemorant3
1474 633 1501 688 ci.
1542 670 1550 705 ³.

354 736 612 813 .ip0llod.18.2
639 739 799 798 κατέθετο
823 739 867 811 εἷς
890 733 1050 823 λάρνακα.
1098 738 1162 795 Nec
1199 738 1270 796 licet
1309 758 1382 796 cum
1408 727 1503 815 Langia

352 844 391 903 dc
414 861 489 901 nexu
514 863 543 918 p.
573 847 609 901 18
635 862 651 902 e
675 844 726 902 tali
751 844 937 902 dissensione
953 845 1132 902 concludere
1151 846 1225 903 duas
1245 845 1389 905 eiusdem
1407 847 1507 904 fabulae

356 952 464 1009 formas
490 951 528 1008 ab
552 950 674 1024 Hygino
699 951 855 1020 indicatas
881 951 991 1010 deinde
1014 951 1052 1009 ab
1076 951 1290 1027 interpolatore
1309 954 1448 1028 pluribus
1462 973 1509 1012 ver·

355 1057 399 1115 bis
424 1057 586 1132 explicatas
610 1075 684 1114 esse.
731 1059 827 1115 lnnno
851 1058 1039 1116 statuendum
1057 1068 1101 1116 est
1117 1060 1375 1134 mythographum
1392 1071 1511 1120 extremo

353 1163 451 1239 cupite
480 1182 535 1238 171
563 1165 684 1239 paulum
715 1166 771 1222 sibi
803 1165 1021 1224 inconstantem
1046 1166 1134 1224 fuisse
1166 1167 1197 1223 in
1221 1167 1389 1242 hypothesi
1410 1170 1514 1227 Graeca

353 1271 516 1341 reddenda,
542 1290 609 1333 cunt
633 1273 728 1330 acrius
752 1274 779 1331 ei
803 1275 885 1332 locus
910 1274 1075 1332 Ovidianus
1099 1274 1316 1344 obversaretur,
1337 1277 1424 1351 quod
1448 1286 1514 1334 recte

353 1379 532 1436 Munckerus
556 1378 707 1437 intellexit.

455 1515 524 1564 met.
549 1507 631 1576 VIII,
652 1507 824 1581 456-458
1145 1507 1205 1566 fab.
1236 1524 1293 1581 171

398 1630 530 1670 exeessere
545 1614 619 1682 eleae,
629 1614 804 1688 flagrantem
821 1621 912 1671 irenter
998 1614 1121 1672 Althaea
1151 1616 1265 1672 exsiluit
1292 1616 1325 1672 de
1350 1617 1417 1675 lecte
1441 1625 1517 1692 atque

352 1721 388 1776 ul>
413 1721 474 1791 egrae
496 1722 600 1794 eripuit
619 1740 732 1777 ratitum
755 1723 911 1795 sparsitque
955 1723 1074 1778 titianeni
1098 1724 1220 1778 extinxit
1239 1731 1267 1780 et
1287 1743 1351 1780 enm
1377 1726 1409 1780 in
1431 1725 1516 1781 rreeilia
1548 1724 1550 1765 Ι

353 1827 518 1901 liquentibus
552 1828 642 1884 ceradis.
668 1828 712 1884 ille
735 1828 784 1884 iliu
808 1829 914 1902 fluerat
955 1830 1034 1900 reqia
1056 1830 1150 1886 eluerit
1173 1829 1307 1904 fatalem,
1332 1849 1369 1887 ne
1404 1833 1441 1901 ab
1463 1833 1518 1905 igni

345 1934 534 2010 penetralibus
556 1935 666 1991 abditus
689 1937 760 1991 einis.
954 1935 1124 1992 obrueretur.

458 2059 591 2117 Tertium
627 2069 735 2130 autem,
772 2060 853 2135 quod
888 2060 963 2118 inter
991 2059 1144 2134 Hyginum
1179 2070 1208 2119 et
1231 2060 1378 2120 Ovidium
1414 2064 1514 2121 mirum

352 2178 494 2241 quantum
527 2166 686 2224 concinere
720 2166 844 2236 videtur,
870 2167 908 2224 ad
943 2185 1132 2225 communem
1166 2169 1279 2226 fontem
1294 2164 1319 2248 ¹)
1354 2171 1444 2240 redit,
1481 2171 1515 2229 ad
1547 2158 1550 2235 l

351 2273 497 2332 Nicandri
520 2270 747 2357 ἑτεροιούμενα
771 2267 896 2355 (Anton.
922 2274 989 2331 Lib.
1015 2275 1066 2352 II.)

456 2399 545 2458 Ovid.
570 2409 638 2457 met.
665 2401 744 2470 VIII,
766 2417 824 2475 543
1036 2401 1115 2474 Hyg.
1141 2419 1167 2457 c.
1198 2416 1256 2471 174
1275 2392 1338 2480 (29.
1361 2400 1415 2480 20)

388 2514 537 2582 praeter
553 2506 759 2582 Gorgenque
772 2527 907 2564 eruerunt·
997 2525 1103 2564 sereres
1121 2509 1179 2564 eins
1187 2514 1345 2582 praeter
1363 2508 1515 2584 Gorgen

351 2634 424 2689 que
458 2615 555 2671 nabilis
588 2613 737 2672 Alcmenae
775 2617 849 2672 arietis
883 2616 912 2670 in
957 2621 993 2670 et
1013 2615 1249 2671 Deianiram
1276 2617 1355 2672 ..in
1371 2635 1441 2674 anes
1455 2625 1518 2675 sunt

350 2731 459 2799 corpere
474 2723 576 2797 peririis
601 2722 720 2779 adleuat.
952 2722 1180 2796 transfiguratae.

640 2828 783 2887 Antonin.
815 2825 978 2907 (Westerm.
1015 2848 1044 2904 p.
1081 2827 1221 2906 203.16)

686 2933 742 2999 δύο
767 2935 803 2999 δὲ
835 2936 901 2998 τῶν
929 2935 1090 3010 Ἀλθαίας
1121 2939 1222 3014 θυγα-

640 3051 750 3126 τέρων,
769 3041 927 3130 Γόργην
950 3051 1015 3107 καὶ
1032 3036 1221 3126 Δηιάνει-

640 3175 726 3238 ραν,
745 3157 846 3234 pauiu
869 3155 938 3214 κατ’
964 3146 1136 3233 εὐμένειαν
1152 3153 1221 3211 Διο-

641 3253 739 3323 νύσου
762 3255 805 3341 μή
830 3257 1037 3342 μεταβαλεῖν.

456 3401 519 3457 Iam
545 3401 584 3458 ad
608 3419 658 3458 eas
683 3402 799 3459 fabulas
823 3411 1014 3474 transeamus,
1041 3418 1118 3475 quae
1141 3399 1285 3476 ampliora
1309 3399 1420 3457 coloris
1446 3420 1512 3477 poe·

352 3507 403 3565 tici
438 3507 562 3584 vestigia
598 3508 750 3583 praebent.
799 3508 903 3583 Capite
932 3528 987 3583 191
1026 3507 1153 3584 primum
1188 3507 1227 3566 de
1250 3506 1352 3564 Midae
1389 3507 1512 3565 asininis

350 3615 469 3673 auribus
492 3615 604 3689 agitur:
630 3615 761 3690 sequitur
784 3615 822 3673 de
847 3615 884 3672 ‘vi
909 3617 1006 3673 aurea’
1025 3614 1157 3672 eiusdem
1175 3613 1404 3684 narratiuncula,
1423 3635 1512 3690 quam

352 3721 518 3780 Ovidianae
551 3731 619 3779 met.
645 3723 696 3792 XI,
716 3726 863 3798 85-145
902 3721 1081 3780 simillimam
1117 3740 1181 3779 esse
1197 3716 1218 3800 2)
1243 3720 1393 3796 Hauptius
1429 3723 1511 3782 vidit.

351 3881 407 3888 .—

458 3946 479 4016 ¹)
498 3951 574 3998 Recte
592 3952 728 4015 suspicatus
747 3959 784 3999 est
803 3950 954 3999 Schmidtius
973 3967 1036 3999 mus.
1052 3950 1155 4000 rhenan.
1170 3951 1226 4007 XX,
1245 3966 1270 4013 p.
1286 3950 1352 4010 461;
1375 3949 1408 4002 cf.
1423 3950 1512 4000 Sorbet

351 4040 539 4104 Meleagersage
559 4056 584 4103 p.
607 4053 637 4102 91
659 4057 680 4088 s.
702 4056 728 4104 p.
753 4053 815 4099 122;
837 4040 952 4089 Ribbeck
970 4045 1033 4090 rbm.
1054 4048 1116 4104 trag.
1138 4055 1164 4103 p.
1188 4048 1238 4102 519
1258 4055 1283 4088 n.
1306 4049 1348 4102 37.

456 4126 477 4196 ²)
497 4130 611 4178 Ceterum
638 4146 698 4178 unus
724 4137 819 4192 praeter
845 4130 961 4178 Ovidium
989 4130 1103 4194 llyginus
1128 4130 1245 4178 Liberum
1269 4129 1343 4176 deum
1368 4128 1511 4178 beneficum

350 4218 423 4269 luisse
442 4219 512 4276 dicit;
538 4219 606 4267 Serv.
618 4219 686 4267 Dan.
708 4220 739 4266 ad
758 4221 823 4267 Aen.
844 4221 876 4278 X,
902 4232 949 4279 142
969 4220 1135 4281 Theopompo
1155 4228 1253 4266 auctore
1272 4216 1315 4279 (cf.
1334 4217 1366 4264 ad
1394 4217 1442 4267 ecl.
1464 4219 1508 4281 Vl,

353 4323 382 4373 13
402 4316 426 4357 et
446 4308 488 4375 26,
517 4309 607 4357 Rohde
634 4325 671 4372 gr.
692 4325 779 4356 roman
807 4325 832 4372 p.
857 4322 907 4369 204
934 4310 967 4372 s.)
1005 4309 1114 4357 Silenum
1144 4308 1233 4374 ipsum¹
1261 4305 1407 4369 Fulgentius
1438 4321 1509 4371 2.13

349 4399 494 4462 Apollinem
514 4397 614 4452 inducit,
653 4399 713 4466 Alii,
734 4407 760 4446 ut
779 4400 904 4465 mythogr.
926 4399 1055 4451 Westerm.
1084 4415 1143 4462 app.
1172 4397 1224 4445 sab.
1244 4409 1278 4458 49
1297 4412 1322 4459 p.
1346 4406 1409 4458 377,
1437 4399 1510 4447 deum

349 4488 499 4539 nominatim
519 4504 569 4536 non
588 4488 701 4538 afferunt.
