3136 5354
58 601 165 662 autem,
206 590 258 665 qui
293 597 362 647 curn
386 588 521 646 Roberto
557 588 663 646 sentiet
697 590 797 663 verba,
836 590 874 648 de
909 589 1016 665 quibus
1052 588 1157 664 agitur,
1194 586 1224 646 in

58 699 230 757 Strozziano
254 717 315 756 non
339 696 512 765 desiderari,
537 696 590 754 sed
614 697 781 755 recensioni
813 707 931 755 nostrae
966 696 1115 754 inculcata
1150 715 1224 774 esse,

58 807 190 866 Servium
216 806 254 864 ad
279 805 374 880 eclog.
395 805 477 866 VIII.
507 819 556 878 55,
582 803 633 878 qui
660 803 725 878 ipse
749 824 869 879 quoque
886 804 1000 880 Hygini
1024 805 1224 862 narrationem

58 913 198 990 sequitur,
225 913 332 972 eodem
357 910 518 985 exemplari
543 911 731 986 interpolat0,
757 930 817 986 quo
834 931 898 981 nos,
916 931 1000 969 usum
1018 931 1082 970 esse
1098 911 1223 987 putabit,

58 1042 124 1080 cum
150 1021 244 1079 verba
268 1021 329 1078 eius
353 1019 426 1077 sint:
452 1019 552 1093 Apollo
575 1039 636 1076 eum
660 1022 689 1076 in
712 1023 815 1077 sarranis
831 1022 946 1089 mnrnu't,
963 1020 1114 1077 citharoedi
1127 1020 1225 1077 nabitu

56 1137 160 1204 accepto
183 1147 283 1186 canens
305 1129 415 1185 cithara
439 1135 472 1184 ut
492 1130 595 1184 ninrret
615 1129 742 1197 rlrsr'diar,
767 1129 908 1185 rrrrxr'lr‘um
932 1130 958 1185 ei
978 1148 1033 1185 nun
1063 1128 1224 1202 defecturum

52 1237 229 1312 pronu'tteus.
276 1237 417 1292 Attamen
442 1235 591 1292 Robertus
629 1235 768 1293 concedit
791 1254 852 1292 non
887 1236 1039 1293 defuturos
1074 1253 1147 1303 esse,
1174 1233 1224 1309 qui

57 1341 152 1403 Servii
177 1341 348 1400 testimonio
372 1341 446 1398 haec
462 1341 552 1398 verba
568 1340 698 1410 delendi,
718 1341 882 1399 Strozziani
899 1352 997 1399 autern
1013 1341 1223 1410 narrationem,

55 1461 87 1509 ut
111 1450 232 1526 saepius
256 1451 288 1507 fit
313 1441 360 1533 (cf.
387 1468 411 1508 c.
443 1452 500 1506 188
526 1449 641 1507 Robert
664 1469 692 1524 p.
722 1450 804 1525 217),
831 1449 860 1506 in
885 1449 1004 1507 brevius
1041 1459 1223 1506 contractam

54 1577 123 1617 esse
147 1566 299 1615 censeant.
346 1557 494 1631 Equidem
519 1576 566 1615 rue
590 1576 657 1614 eum
682 1576 832 1615 essenon
857 1576 945 1632 neg0,
971 1557 1023 1632 qui
1046 1557 1137 1614 verba
1163 1559 1223 1631 Hy-

55 1667 128 1742 gino
152 1664 272 1733 tribuat,
298 1681 365 1720 cum
390 1663 463 1720 alius
487 1663 580 1733 locuS,
599 1664 649 1739 qui
666 1664 696 1721 in
714 1664 819 1722 eadem
836 1665 939 1722 fabula
955 1675 999 1723 est
1022 1665 1063 1740 (p.
1093 1681 1162 1740 125.
1185 1664 1223 1742 2),

56 1783 160 1848 aperte
185 1791 220 1829 ea
243 1770 381 1845 respiciat
405 1780 494 1844 atque
532 1771 621 1828 etiarn
654 1773 800 1846 postulet:
835 1793 938 1830 111·-
975 1773 1109 1830 Arionem
1146 1773 1228 1828 rirssit

55 1883 96 1937 itu
120 1886 265 1947 ornatum,
289 1878 424 1953 quamoub
446 1897 474 1934 se
490 1879 590 1953 praeci
607 1879 737 1945 r'taacrat,
762 1880 918 1939 delr'lescrre.
966 1881 1072 1954 Neque
1096 1879 1157 1937 veri
1181 1888 1225 1936 est

55 1987 240 2044 simillimum
275 1986 472 2060 fragmentum
497 1985 734 2044 Niebuhrianum
769 1989 888 2045 saeculo
924 1988 1029 2062 quinto
1059 1989 1105 2046 vel
1142 1997 1224 2045 sexto

55 2104 210 2152 exaratum
235 2113 271 2151 ae
295 2092 408 2153 scholia
433 2093 601 2150 Strozziana
625 2092 702 2150 illius
727 2104 824 2152 aetate
841 2096 933 2152 multo
951 2095 1090 2153 inferiora
1106 2090 1129 2172 ¹)
1153 2094 1224 2152 inte-

54 2201 153 2278 griore
178 2219 269 2277 quam
294 2200 426 2258 Servium
463 2200 623 2275 exemplari
659 2218 713 2258 usa
747 2220 820 2260 esse.
870 2205 907 2259 At
941 2203 1030 2261 ceteri
1064 2202 1223 2277 scriptores

56 2309 104 2367 isti
127 2308 247 2381 miselli,
273 2308 323 2383 qui
349 2319 417 2383 post
441 2309 574 2366 Servium
599 2309 629 2365 in
655 2310 741 2367 rebus
774 2311 984 2386 mythologicis
1019 2312 1223 2379 versabantur,

56 2416 242 2493 Fulgentius
279 2415 455 2474 Lactantius
479 2417 622 2490 interpres
647 2416 741 2487 Statii,
779 2418 951 2476 Lactantius
987 2418 1135 2488 Placidus,
1174 2418 1225 2492 qui

57 2526 174 2593 dicitur,
191 2518 215 2598 ἱ’)
251 2533 385 2581 narrator
409 2524 585 2594 (lvidianuS,
623 2525 829 2583 recensionem
865 2536 1053 2584 retractatam
1088 2526 1225 2584 videntur

56 2631 242 2692 adhibuisse.
290 2633 385 2706 Supra
409 2631 488 2689 enim
511 2632 638 2689 vidimus
657 2632 773 2690 fabulas
792 2634 958 2708 duplicatas
983 2634 1043 2692 sive
1060 2633 1224 2709 geminatas

54 2760 117 2798 non
142 2739 183 2797 ab
207 2738 331 2814 Hygino
355 2758 420 2798 esse
443 2741 611 2814 prolectas:
635 2741 878 2815 interpolatorum
903 2742 991 2816 igitur
1014 2743 1044 2800 in
1068 2760 1222 2799 numerum

53 2848 172 2906 fabulas
198 2850 236 2920 87
264 2857 293 2905 et
320 2849 376 2904 181
404 2847 573 2905 referendas
597 2866 662 2906 esse
686 2848 805 2905 collatio
841 2848 981 2905 similium
1017 2850 1220 2924 exemplorum

54 2955 257 3031 comprobare
280 2954 445 3012 videbatur.
493 2955 577 3012 Illam
601 2966 709 3025 autem,
742 2975 819 3031 qnae
844 2974 860 3012 e
894 2957 997 3014 fabula
1021 2959 1060 3014 88
1097 2957 1222 3031 repetita

54 3073 107 3131 est,
133 3061 283 3121 scholium
308 3062 380 3119 Stat.
405 3062 501 3120 Theb.
528 3064 551 3132 I,
579 3064 651 3136 694.
676 3065 729 3133 IV,
756 3066 818 3137 306
844 3063 984 3137 sequitur.
1032 3064 1130 3138 Caput
1151 3067 1224 3135 181,

54 3189 116 3245 quo
142 3178 351 3243 argumentum
382 3170 586 3228 antecedentis
618 3171 658 3227 ita
688 3170 864 3249 geminatur,
892 3181 921 3227 ut
949 3170 1049 3227 fabula
1073 3171 1224 3229 Ovidiana

53 3287 124 3335 met.
149 3278 206 3347 III,
237 3292 293 3351 155
321 3295 387 3352 sqq.
413 3288 570 3352 repetatur,
596 3279 634 3336 ad
658 3279 781 3336 verbum
805 3297 870 3335 cum
888 3278 1056 3336 narratione
1075 3277 1224 3337 O'vidiana

53 3383 204 3442 Lactantii
228 3383 343 3441 Placidi
368 3386 451 3454 Ill,2
478 3385 618 3442 concinit.
667 3386 846 3443 Schmidtius
872 3396 979 3455 autem,
998 3386 1048 3460 qui
1065 3387 1143 3443 hunc
1160 3406 1223 3445 esse

54 3493 169 3550 fontem
193 3490 300 3566 capitis
328 3494 384 3549 181
412 3492 515 3567 philol.
540 3495 637 3562 XXV,
663 3513 682 3568 p
709 3495 772 3565 416
791 3493 872 3562 dicit,
900 3495 1090 3552 vehementer
1107 3495 1221 3564 errarit,

55 3599 200 3674 quoniam
226 3598 369 3668 fabulam,
394 3618 471 3674 quae
496 3600 571 3658 inter
595 3601 782 3675 Hyginianns
806 3601 921 3676 legitur,
947 3602 1038 3658 multo
1057 3601 1223 3660 uberiorem

55 3724 121 3764 esse
150 3724 243 3780 quam
279 3706 359 3764 illam
394 3707 515 3765 alteram
551 3709 740 3766 manifestum
782 3718 834 3766 est.
882 3709 1045 3784 Praecipue
1085 3711 1222 3784 catalogo

55 3833 162 3872 canum
188 3813 351 3883 Ovidian0,
377 3833 466 3889 quem
501 3815 602 3872 fabula
631 3819 686 3872 181
726 3816 818 3885 addit,
855 3835 916 3873 non
940 3816 1122 3884 Lactantius
1159 3836 1223 3892 per-

55 3921 192 3997 spicuum
217 3931 261 3980 est
285 3932 435 3980 auctorem
472 3923 578 3998 capitis
603 3923 734 3981 fabulam
760 3923 939 3981 (lvidianarn
969 3942 1031 3981 non
1056 3943 1074 3981 a
1097 3927 1223 3982 Lactan-

57 4029 97 4087 tio
121 4029 287 4106 accepisse,
313 4030 368 4088 sed
391 4030 489 4104 ipsum
512 4032 795 4106 metamorphoseon
820 4031 912 4089 libros
928 4031 1101 4106 inspexisse.
1149 4034 1222 4089 Lac-

57 4138 190 4210 tantium‚
217 4155 307 4213 quern
331 4138 371 4195 ob
395 4156 444 4196 eas
468 4157 573 4198 causas
598 4150 687 4215 caput
711 4139 740 4195 in
765 4157 849 4197 suum
875 4159 960 4196 usrrm
992 4140 1113 4198 vertisse
1149 4139 1221 4198 iudi-

64 4349 375 4360 κ-ο-ω-ι--ῌ--ι

163 4490 185 4561 ¹)
203 4494 300 4544 Robert
317 4493 443 4544 Eratosth.
464 4501 512 4543 cat.
534 4494 646 4557 epimetr.
667 4493 679 4541 Ι
697 4510 724 4557 p.
748 4507 798 4543 220

163 4580 185 4655 ²)
203 4582 325 4654 Foetster‚
344 4585 406 4635 raub
425 4585 469 4634 der
487 4584 605 4649 Perseph.
627 4600 652 4649 p.
674 4585 735 4647 289.
