<?xml version="1.0" encoding="UTF-8"?>
<!DOCTYPE html PUBLIC "-//W3C//DTD XHTML 1.0 Transitional//EN"
    "http://www.w3.org/TR/xhtml1/DTD/xhtml1-transitional.dtd">
<html xmlns="http://www.w3.org/1999/xhtml" xml:lang="en" lang="en">
 <head>
  <title>
</title>
<meta http-equiv="Content-Type" content="text/html;charset=utf-8" />
  <meta name='ocr-system' content='tesseract 3.04.00' />
  <meta name='ocr-capabilities' content='ocr_page ocr_carea ocr_par ocr_line ocrx_word'/>
</head>
<body>
  <div class='ocr_page' id='page_1' title='image "./quaestioneshygi00dietgoog_0063.png"; bbox 0 0 3136 5354; ppageno 0'>
   <div class='ocr_carea' id='block_1_1' title="bbox 920 380 1047 445">
    <p class='ocr_par' dir='ltr' id='par_1_1' title="bbox 829 380 1047 445">
     <span class='ocr_line' id='line_1_1' title="bbox 920 380 1047 445; baseline 0.009 -32.165"><span class='ocrx_word' id='word_1_1' title='bbox 920 380 959 445; x_wconf 73' lang='lat'>5,</span> <span class='ocrx_word' id='word_1_2' title='bbox 1006 399 1047 414; x_wconf 88' lang='lat'>-.</span> 
     </span>
    </p>
   </div>
   <div class='ocr_carea' id='block_1_2' title="bbox 354 557 1527 1500">
    <p class='ocr_par' dir='ltr' id='par_1_2' title="bbox 354 557 1527 1500">
     <span class='ocr_line' id='line_1_2' title="bbox 358 557 1527 642; baseline 0.001 -20"><span class='ocrx_word' id='word_1_3' title='bbox 358 557 412 622; x_wconf 92' lang='lat' dir='ltr'>bus</span> <span class='ocrx_word' id='word_1_4' title='bbox 442 561 574 640; x_wconf 90' lang='lat' dir='ltr'>partibus</span> <span class='ocrx_word' id='word_1_5' title='bbox 608 562 777 642; x_wconf 86' lang='lat' dir='ltr'>composita</span> <span class='ocrx_word' id='word_1_6' title='bbox 807 574 860 632; x_wconf 89' lang='lat' dir='ltr'>est,</span> <span class='ocrx_word' id='word_1_7' title='bbox 895 582 1018 640; x_wconf 86' lang='lat' dir='ltr'>quarum</span> <span class='ocrx_word' id='word_1_8' title='bbox 1055 583 1113 624; x_wconf 87' lang='lat' dir='ltr'>una</span> <span class='ocrx_word' id='word_1_9' title='bbox 1146 562 1185 624; x_wconf 89' lang='lat' dir='ltr'>ad</span> <span class='ocrx_word' id='word_1_10' title='bbox 1217 583 1261 625; x_wconf 90' lang='lat' dir='ltr'>res</span> <span class='ocrx_word' id='word_1_11' title='bbox 1292 561 1527 641; x_wconf 87' lang='lat' dir='ltr'>mythologicas,</span> 
     </span>
     <span class='ocr_line' id='line_1_3' title="bbox 358 671 1527 749; baseline 0.001 -19"><span class='ocrx_word' id='word_1_12' title='bbox 358 671 450 730; x_wconf 88' lang='lat' dir='ltr'>altera</span> <span class='ocrx_word' id='word_1_13' title='bbox 474 674 511 732; x_wconf 92' lang='lat' dir='ltr'>ad</span> <span class='ocrx_word' id='word_1_14' title='bbox 536 673 711 732; x_wconf 86' lang='lat' dir='ltr'>alcedinum</span> <span class='ocrx_word' id='word_1_15' title='bbox 731 683 865 730; x_wconf 89' lang='lat' dir='ltr'>naturam</span> <span class='ocrx_word' id='word_1_16' title='bbox 882 683 1004 749; x_wconf 88' lang='lat' dir='ltr'>spectat.</span> <span class='ocrx_word' id='word_1_17' title='bbox 1052 676 1097 730; x_wconf 92' lang='lat' dir='ltr'>Ac</span> <span class='ocrx_word' id='word_1_18' title='bbox 1113 674 1194 749; x_wconf 89' lang='lat' dir='ltr'>prior</span> <span class='ocrx_word' id='word_1_19' title='bbox 1209 674 1330 748; x_wconf 88' lang='lat' dir='ltr'>quidem</span> <span class='ocrx_word' id='word_1_20' title='bbox 1347 693 1417 749; x_wconf 93' lang='lat' dir='ltr'>pars</span> <span class='ocrx_word' id='word_1_21' title='bbox 1435 672 1527 742; x_wconf 90' lang='lat' dir='ltr'>idem,</span> 
     </span>
     <span class='ocr_line' id='line_1_4' title="bbox 358 779 1526 856; baseline 0.001 -20"><span class='ocrx_word' id='word_1_22' title='bbox 358 779 439 853; x_wconf 91' lang='lat' dir='ltr'>quod</span> <span class='ocrx_word' id='word_1_23' title='bbox 463 780 597 850; x_wconf 91' lang='lat' dir='ltr'>Ovidius,</span> <span class='ocrx_word' id='word_1_24' title='bbox 626 781 655 838; x_wconf 92' lang='lat' dir='ltr'>in</span> <span class='ocrx_word' id='word_1_25' title='bbox 679 781 797 840; x_wconf 92' lang='lat' dir='ltr'>brevius</span> <span class='ocrx_word' id='word_1_26' title='bbox 821 791 1006 838; x_wconf 89' lang='lat' dir='ltr'>contractum</span> <span class='ocrx_word' id='word_1_27' title='bbox 1040 790 1162 838; x_wconf 88' lang='lat' dir='ltr'>narrat:</span> <span class='ocrx_word' id='word_1_28' title='bbox 1183 781 1419 856; x_wconf 86' lang='lat' dir='ltr'>mythographus</span> <span class='ocrx_word' id='word_1_29' title='bbox 1453 799 1526 849; x_wconf 89' lang='lat' dir='ltr'>non,</span> 
     </span>
     <span class='ocr_line' id='line_1_5' title="bbox 357 879 1527 966; baseline 0.001 -23"><span class='ocrx_word' id='word_1_30' title='bbox 357 896 388 943; x_wconf 92' lang='lat' dir='ltr'>ut</span> <span class='ocrx_word' id='word_1_31' title='bbox 410 879 472 946; x_wconf 87' lang='lat' dir='ltr'>erat</span> <span class='ocrx_word' id='word_1_32' title='bbox 504 889 535 944; x_wconf 93' lang='lat' dir='ltr'>in</span> <span class='ocrx_word' id='word_1_33' title='bbox 556 898 671 946; x_wconf 90' lang='lat' dir='ltr'>vetusto</span> <span class='ocrx_word' id='word_1_34' title='bbox 704 888 814 962; x_wconf 81' lang='lat' dir='ltr'>mytho,</span> <span class='ocrx_word' id='word_1_35' title='bbox 829 883 853 966; x_wconf 81' lang='grc'>1)</span> <span class='ocrx_word' id='word_1_36' title='bbox 880 887 1010 962; x_wconf 91' lang='lat' dir='ltr'>Ceycem</span> <span class='ocrx_word' id='word_1_37' title='bbox 1041 898 1161 963; x_wconf 89' lang='lat' dir='ltr'>propter</span> <span class='ocrx_word' id='word_1_38' title='bbox 1185 888 1355 963; x_wconf 84' lang='lat' dir='ltr'>superbiam</span> <span class='ocrx_word' id='word_1_39' title='bbox 1384 888 1527 946; x_wconf 88' lang='lat' dir='ltr'>transfor·</span> 
     </span>
     <span class='ocr_line' id='line_1_6' title="bbox 356 995 1526 1070; baseline 0.001 -19"><span class='ocrx_word' id='word_1_40' title='bbox 356 1002 468 1053; x_wconf 89' lang='lat' dir='ltr'>matum</span> <span class='ocrx_word' id='word_1_41' title='bbox 492 1013 556 1054; x_wconf 88' lang='lat' dir='ltr'>esse</span> <span class='ocrx_word' id='word_1_42' title='bbox 590 996 671 1066; x_wconf 91' lang='lat' dir='ltr'>dicit,</span> <span class='ocrx_word' id='word_1_43' title='bbox 698 995 752 1054; x_wconf 91' lang='lat' dir='ltr'>sed</span> <span class='ocrx_word' id='word_1_44' title='bbox 786 1014 855 1053; x_wconf 89' lang='lat' dir='ltr'>curn</span> <span class='ocrx_word' id='word_1_45' title='bbox 880 995 990 1054; x_wconf 93' lang='lat' dir='ltr'>Ovidio</span> <span class='ocrx_word' id='word_1_46' title='bbox 1023 1005 1126 1070; x_wconf 91' lang='lat' dir='ltr'>poetas</span> <span class='ocrx_word' id='word_1_47' title='bbox 1151 995 1370 1053; x_wconf 84' lang='lat' dir='ltr'>Alexandrinos</span> <span class='ocrx_word' id='word_1_48' title='bbox 1404 1005 1526 1054; x_wconf 88' lang='lat' dir='ltr'>secutus</span> 
     </span>
     <span class='ocr_line' id='line_1_7' title="bbox 355 1096 1526 1186; baseline 0.001 -29"><span class='ocrx_word' id='word_1_49' title='bbox 355 1102 541 1178; x_wconf 84' lang='lat' dir='ltr'><strong>naufragium</strong></span> <span class='ocrx_word' id='word_1_50' title='bbox 565 1103 641 1161; x_wconf 89' lang='lat' dir='ltr'>illius</span> <span class='ocrx_word' id='word_1_51' title='bbox 658 1096 681 1186; x_wconf 78' lang='grc'>2)</span> <span class='ocrx_word' id='word_1_52' title='bbox 706 1113 734 1161; x_wconf 90' lang='lat' dir='ltr'>et</span> <span class='ocrx_word' id='word_1_53' title='bbox 760 1121 894 1161; x_wconf 87' lang='lat' dir='ltr'>amorem</span> <span class='ocrx_word' id='word_1_54' title='bbox 918 1104 1067 1177; x_wconf 81' lang='lat' dir='ltr'>Alcyones</span> <span class='ocrx_word' id='word_1_55' title='bbox 1092 1112 1314 1161; x_wconf 85' lang='lat' dir='ltr'>commemorat.</span> <span class='ocrx_word' id='word_1_56' title='bbox 1364 1103 1427 1160; x_wconf 89' lang='lat' dir='ltr'>Sed</span> <span class='ocrx_word' id='word_1_57' title='bbox 1451 1103 1526 1159; x_wconf 91' lang='lat' dir='ltr'>nihi·</span> 
     </span>
     <span class='ocr_line' id='line_1_8' title="bbox 355 1208 1526 1286; baseline 0.003 -21"><span class='ocrx_word' id='word_1_58' title='bbox 355 1208 482 1267; x_wconf 90' lang='lat' dir='ltr'>lominus</span> <span class='ocrx_word' id='word_1_59' title='bbox 507 1211 584 1268; x_wconf 87' lang='lat' dir='ltr'>hanc</span> <span class='ocrx_word' id='word_1_60' title='bbox 608 1221 722 1285; x_wconf 87' lang='lat' dir='ltr'>partem</span> <span class='ocrx_word' id='word_1_61' title='bbox 747 1229 765 1267; x_wconf 93' lang='lat' dir='ltr'>a</span> <span class='ocrx_word' id='word_1_62' title='bbox 787 1221 876 1286; x_wconf 90' lang='lat' dir='ltr'>poeta</span> <span class='ocrx_word' id='word_1_63' title='bbox 899 1210 1051 1284; x_wconf 90' lang='lat' dir='ltr'>accepisse</span> <span class='ocrx_word' id='word_1_64' title='bbox 1075 1229 1135 1267; x_wconf 92' lang='lat' dir='ltr'>non</span> <span class='ocrx_word' id='word_1_65' title='bbox 1152 1220 1260 1285; x_wconf 91' lang='lat' dir='ltr'>potest,</span> <span class='ocrx_word' id='word_1_66' title='bbox 1282 1209 1354 1284; x_wconf 89' lang='lat' dir='ltr'>quia</span> <span class='ocrx_word' id='word_1_67' title='bbox 1377 1210 1526 1268; x_wconf 87' lang='lat' dir='ltr'>nonnulla</span> 
     </span>
     <span class='ocr_line' id='line_1_9' title="bbox 355 1316 1525 1393; baseline 0.003 -22"><span class='ocrx_word' id='word_1_68' title='bbox 355 1316 478 1374; x_wconf 88' lang='lat' dir='ltr'>nomina</span> <span class='ocrx_word' id='word_1_69' title='bbox 502 1317 613 1375; x_wconf 92' lang='lat' dir='ltr'>Ovidio</span> <span class='ocrx_word' id='word_1_70' title='bbox 637 1317 741 1393; x_wconf 91' lang='lat' dir='ltr'>ignota</span> <span class='ocrx_word' id='word_1_71' title='bbox 765 1327 931 1386; x_wconf 89' lang='lat' dir='ltr'>occurrunt,</span> <span class='ocrx_word' id='word_1_72' title='bbox 949 1317 1124 1388; x_wconf 92' lang='lat' dir='ltr'>Philonidis,</span> <span class='ocrx_word' id='word_1_73' title='bbox 1143 1335 1221 1391; x_wconf 90' lang='lat' dir='ltr'>quae</span> <span class='ocrx_word' id='word_1_74' title='bbox 1245 1317 1334 1374; x_wconf 88' lang='lat' dir='ltr'>etiam</span> <span class='ocrx_word' id='word_1_75' title='bbox 1359 1317 1525 1375; x_wconf 89' lang='lat' dir='ltr'>aConone</span> 
     </span>
     <span class='ocr_line' id='line_1_10' title="bbox 354 1424 1524 1500; baseline 0.003 -21"><span class='ocrx_word' id='word_1_76' title='bbox 354 1433 461 1481; x_wconf 88' lang='lat' dir='ltr'>narrat.</span> <span class='ocrx_word' id='word_1_77' title='bbox 489 1441 502 1497; x_wconf 89' lang='lat'><strong>7</strong></span> <span class='ocrx_word' id='word_1_78' title='bbox 530 1443 598 1481; x_wconf 91' lang='lat' dir='ltr'>cum</span> <span class='ocrx_word' id='word_1_79' title='bbox 622 1426 760 1500; x_wconf 87' lang='lat' dir='ltr'>Hespero</span> <span class='ocrx_word' id='word_1_80' title='bbox 785 1425 988 1495; x_wconf 76' lang='lat' dir='ltr'>consociatur,</span> <span class='ocrx_word' id='word_1_81' title='bbox 1008 1434 1036 1482; x_wconf 90' lang='lat' dir='ltr'>et</span> <span class='ocrx_word' id='word_1_82' title='bbox 1052 1424 1200 1500; x_wconf 79' lang='lat' dir='ltr'>AegialeS,</span> <span class='ocrx_word' id='word_1_83' title='bbox 1218 1424 1300 1481; x_wconf 90' lang='lat' dir='ltr'>cuius</span> <span class='ocrx_word' id='word_1_84' title='bbox 1324 1442 1439 1482; x_wconf 88' lang='lat' dir='ltr'>nomen</span> <span class='ocrx_word' id='word_1_85' title='bbox 1456 1443 1524 1482; x_wconf 90' lang='lat' dir='ltr'>cum</span> 
     </span>
    </p>
   </div>
   <div class='ocr_carea' id='block_1_3' title="bbox 354 1525 1525 1615">
    <p class='ocr_par' dir='ltr' id='par_1_3' title="bbox 354 1525 1525 1615">
     <span class='ocr_line' id='line_1_11' title="bbox 354 1525 1525 1615; baseline 0.002 -29"><span class='ocrx_word' id='word_1_86' title='bbox 354 1531 473 1605; x_wconf 85' lang='lat' dir='ltr'>propria</span> <span class='ocrx_word' id='word_1_87' title='bbox 504 1531 653 1606; x_wconf 90' lang='lat' dir='ltr'>Alcyones</span> <span class='ocrx_word' id='word_1_88' title='bbox 688 1543 793 1590; x_wconf 89' lang='lat' dir='ltr'>natura</span> <span class='ocrx_word' id='word_1_89' title='bbox 806 1525 829 1615; x_wconf 73' lang='grc'>3)</span> <span class='ocrx_word' id='word_1_90' title='bbox 866 1532 984 1589; x_wconf 91' lang='lat' dir='ltr'>videtur</span> <span class='ocrx_word' id='word_1_91' title='bbox 1023 1531 1190 1590; x_wconf 89' lang='lat' dir='ltr'>cohaerere.</span> <span class='ocrx_word' id='word_1_92' title='bbox 1245 1531 1443 1589; x_wconf 90' lang='lat' dir='ltr'>Statuendum</span> <span class='ocrx_word' id='word_1_93' title='bbox 1471 1541 1525 1589; x_wconf 85' lang='lat' dir='ltr'>est</span> 
     </span>
    </p>
   </div>
   <div class='ocr_carea' id='block_1_4' title="bbox 311 1635 1524 3750">
    <p class='ocr_par' dir='ltr' id='par_1_4' title="bbox 311 1635 1524 2142">
     <span class='ocr_line' id='line_1_12' title="bbox 325 1635 1524 1718; baseline 0.003 -25"><span class='ocrx_word' id='word_1_94' title='bbox 325 1715 326 1718; x_wconf 8' lang='lat'>¹</span> <span class='ocrx_word' id='word_1_95' title='bbox 355 1635 441 1710; x_wconf 92' lang='lat' dir='ltr'>igitur</span> <span class='ocrx_word' id='word_1_96' title='bbox 464 1647 619 1714; x_wconf 92' lang='lat' dir='ltr'>utrumque</span> <span class='ocrx_word' id='word_1_97' title='bbox 642 1638 703 1696; x_wconf 91' lang='lat' dir='ltr'>sive</span> <span class='ocrx_word' id='word_1_98' title='bbox 726 1639 915 1714; x_wconf 81' lang='lat' dir='ltr'>hypothesin,</span> <span class='ocrx_word' id='word_1_99' title='bbox 934 1658 994 1713; x_wconf 92' lang='lat' dir='ltr'>qua</span> <span class='ocrx_word' id='word_1_100' title='bbox 1010 1649 1132 1714; x_wconf 90' lang='lat' dir='ltr'>uterque</span> <span class='ocrx_word' id='word_1_101' title='bbox 1149 1639 1292 1709; x_wconf 89' lang='lat' dir='ltr'>utebatur,</span> <span class='ocrx_word' id='word_1_102' title='bbox 1315 1657 1350 1696; x_wconf 88' lang='lat' dir='ltr'>ex</span> <span class='ocrx_word' id='word_1_103' title='bbox 1368 1639 1524 1697; x_wconf 92' lang='lat' dir='ltr'>communi</span> 
     </span>
     <span class='ocr_line' id='line_1_13' title="bbox 355 1732 1523 1822; baseline 0.003 -23"><span class='ocrx_word' id='word_1_104' title='bbox 355 1752 475 1802; x_wconf 87' lang='lat' dir='ltr'>auctore</span> <span class='ocrx_word' id='word_1_105' title='bbox 508 1732 661 1821; x_wconf 78' lang='lat' dir='ltr'>pendere,</span> <span class='ocrx_word' id='word_1_106' title='bbox 683 1765 772 1820; x_wconf 90' lang='lat' dir='ltr'>quem</span> <span class='ocrx_word' id='word_1_107' title='bbox 796 1746 980 1804; x_wconf 88' lang='lat' dir='ltr'>Nicandrum</span> <span class='ocrx_word' id='word_1_108' title='bbox 1015 1764 1079 1803; x_wconf 91' lang='lat' dir='ltr'>esse</span> <span class='ocrx_word' id='word_1_109' title='bbox 1103 1739 1338 1822; x_wconf 79' lang='lat' dir='ltr'>Schneiderus4)</span> <span class='ocrx_word' id='word_1_110' title='bbox 1371 1746 1523 1820; x_wconf 89' lang='lat' dir='ltr'>probavit.</span> 
     </span>
     <span class='ocr_line' id='line_1_14' title="bbox 354 1852 1523 1929; baseline 0.003 -22"><span class='ocrx_word' id='word_1_111' title='bbox 354 1852 394 1907; x_wconf 93' lang='lat' dir='ltr'>At</span> <span class='ocrx_word' id='word_1_112' title='bbox 417 1853 563 1926; x_wconf 90' lang='lat' dir='ltr'>posterior</span> <span class='ocrx_word' id='word_1_113' title='bbox 587 1872 653 1929; x_wconf 90' lang='lat' dir='ltr'>pars</span> <span class='ocrx_word' id='word_1_114' title='bbox 677 1854 740 1911; x_wconf 90' lang='lat' dir='ltr'>sine</span> <span class='ocrx_word' id='word_1_115' title='bbox 776 1854 867 1912; x_wconf 91' lang='lat' dir='ltr'>dubio</span> <span class='ocrx_word' id='word_1_116' title='bbox 899 1853 1040 1911; x_wconf 91' lang='lat' dir='ltr'>Ovidium</span> <span class='ocrx_word' id='word_1_117' title='bbox 1073 1853 1201 1928; x_wconf 89' lang='lat' dir='ltr'>respicit,</span> <span class='ocrx_word' id='word_1_118' title='bbox 1231 1853 1314 1927; x_wconf 91' lang='lat' dir='ltr'>quod</span> <span class='ocrx_word' id='word_1_119' title='bbox 1338 1853 1523 1911; x_wconf 87' lang='lat' dir='ltr'>Schmidtius</span> 
     </span>
     <span class='ocr_line' id='line_1_15' title="bbox 311 1960 1523 2038; baseline 0.002 -22"><span class='ocrx_word' id='word_1_120' title='bbox 311 1970 313 1974; x_wconf 85' lang='lat'>&#39;</span> <span class='ocrx_word' id='word_1_121' title='bbox 354 1960 521 2038; x_wconf 75' lang='lat' dir='ltr'>perspexit3</span> <span class='ocrx_word' id='word_1_122' title='bbox 546 1961 583 2017; x_wconf 87' lang='lat' dir='ltr'>cf.</span> <span class='ocrx_word' id='word_1_123' title='bbox 608 1960 714 2018; x_wconf 90' lang='lat' dir='ltr'>verba:</span> <span class='ocrx_word' id='word_1_124' title='bbox 741 1963 794 2018; x_wconf 86' lang='lat' dir='ltr'>leee</span> <span class='ocrx_word' id='word_1_125' title='bbox 816 1979 881 2017; x_wconf 82' lang='lat' dir='ltr'>aves</span> <span class='ocrx_word' id='word_1_126' title='bbox 904 1961 1000 2017; x_wconf 75' lang='lat' dir='ltr'>nedum</span> <span class='ocrx_word' id='word_1_127' title='bbox 1023 1979 1076 2017; x_wconf 80' lang='lat' dir='ltr'>eva</span> <span class='ocrx_word' id='word_1_128' title='bbox 1093 1961 1187 2036; x_wconf 83' lang='lat' dir='ltr'>peelles</span> <span class='ocrx_word' id='word_1_129' title='bbox 1210 1963 1240 2016; x_wconf 84' lang='lat' dir='ltr'>in</span> <span class='ocrx_word' id='word_1_130' title='bbox 1274 1962 1352 2017; x_wconf 72' lang='lat' dir='ltr'>enare</span> <span class='ocrx_word' id='word_1_131' title='bbox 1379 1969 1523 2036; x_wconf 83' lang='lat' dir='ltr'>septem</span> 
     </span>
     <span class='ocr_line' id='line_1_16' title="bbox 354 2066 1311 2142; baseline 0.002 -20"><span class='ocrx_word' id='word_1_132' title='bbox 354 2066 621 2141; x_wconf 75' lang='lat' dir='ltr'>de&#39;ebussacz&#39;une</span> <span class='ocrx_word' id='word_1_133' title='bbox 641 2069 803 2125; x_wconf 81' lang='lat' dir='ltr'>lee&#39;beene</span> <span class='ocrx_word' id='word_1_134' title='bbox 825 2075 994 2142; x_wconf 81' lang='lat' dir='ltr'>tempere</span> <span class='ocrx_word' id='word_1_135' title='bbox 1017 2077 1045 2125; x_wconf 93' lang='lat' dir='ltr'>et</span> <span class='ocrx_word' id='word_1_136' title='bbox 1069 2067 1157 2126; x_wconf 93' lang='lat' dir='ltr'>Ovid.</span> <span class='ocrx_word' id='word_1_137' title='bbox 1183 2068 1236 2137; x_wconf 92' lang='lat' dir='ltr'>Xl,</span> <span class='ocrx_word' id='word_1_138' title='bbox 1253 2083 1311 2142; x_wconf 86' lang='lat'>745</span> 
     </span>
    </p>

    <p class='ocr_par' dir='ltr' id='par_1_5' title="bbox 456 2175 1355 2250">
     <span class='ocr_line' id='line_1_17' title="bbox 456 2175 1355 2250; baseline 0.001 -20"><span class='ocrx_word' id='word_1_139' title='bbox 456 2184 563 2250; x_wconf 78' lang='lat' dir='ltr'>perque</span> <span class='ocrx_word' id='word_1_140' title='bbox 586 2176 671 2231; x_wconf 83' lang='lat' dir='ltr'>dies</span> <span class='ocrx_word' id='word_1_141' title='bbox 687 2175 812 2250; x_wconf 78' lang='lat' dir='ltr'>placidos</span> <span class='ocrx_word' id='word_1_142' title='bbox 835 2175 993 2232; x_wconf 75' lang='lat' dir='ltr'>hiberae</span> <span class='ocrx_word' id='word_1_143' title='bbox 1016 2181 1181 2249; x_wconf 81' lang='lat' dir='ltr'>tempere</span> <span class='ocrx_word' id='word_1_144' title='bbox 1203 2183 1355 2250; x_wconf 83' lang='lat' dir='ltr'>septem.</span> 
     </span>
    </p>

    <p class='ocr_par' dir='ltr' id='par_1_6' title="bbox 350 2275 1522 3004">
     <span class='ocr_line' id='line_1_18' title="bbox 466 2275 1522 2360; baseline 0.002 -22"><span class='ocrx_word' id='word_1_145' title='bbox 466 2281 575 2339; x_wconf 89' lang='lat' dir='ltr'>Graeci</span> <span class='ocrx_word' id='word_1_146' title='bbox 589 2275 614 2360; x_wconf 84' lang='grc'>5)</span> <span class='ocrx_word' id='word_1_147' title='bbox 638 2292 736 2339; x_wconf 89' lang='lat' dir='ltr'>autem</span> <span class='ocrx_word' id='word_1_148' title='bbox 760 2300 822 2339; x_wconf 91' lang='lat' dir='ltr'>non</span> <span class='ocrx_word' id='word_1_149' title='bbox 846 2291 970 2357; x_wconf 89' lang='lat' dir='ltr'>septem,</span> <span class='ocrx_word' id='word_1_150' title='bbox 996 2282 1049 2339; x_wconf 90' lang='lat' dir='ltr'>sed</span> <span class='ocrx_word' id='word_1_151' title='bbox 1073 2282 1310 2356; x_wconf 87' lang='lat' dir='ltr'>quattuordecim</span> <span class='ocrx_word' id='word_1_152' title='bbox 1344 2281 1409 2340; x_wconf 90' lang='lat' dir='ltr'>dies</span> <span class='ocrx_word' id='word_1_153' title='bbox 1444 2283 1522 2357; x_wconf 89' lang='lat' dir='ltr'>alcy-</span> 
     </span>
     <span class='ocr_line' id='line_1_19' title="bbox 354 2379 1521 2465; baseline 0.004 -21"><span class='ocrx_word' id='word_1_154' title='bbox 354 2387 440 2446; x_wconf 92' lang='lat' dir='ltr'>onios</span> <span class='ocrx_word' id='word_1_155' title='bbox 464 2379 669 2459; x_wconf 86' lang='lat' dir='ltr'>numerabant,</span> <span class='ocrx_word' id='word_1_156' title='bbox 695 2398 809 2465; x_wconf 88' lang='lat' dir='ltr'>septem</span> <span class='ocrx_word' id='word_1_157' title='bbox 837 2399 905 2447; x_wconf 89' lang='lat' dir='ltr'>ante</span> <span class='ocrx_word' id='word_1_158' title='bbox 937 2399 1053 2464; x_wconf 87' lang='lat' dir='ltr'>partum</span> <span class='ocrx_word' id='word_1_159' title='bbox 1085 2399 1113 2447; x_wconf 91' lang='lat' dir='ltr'>et</span> <span class='ocrx_word' id='word_1_160' title='bbox 1146 2399 1259 2465; x_wconf 88' lang='lat' dir='ltr'>septem</span> <span class='ocrx_word' id='word_1_161' title='bbox 1291 2399 1359 2464; x_wconf 92' lang='lat' dir='ltr'>post</span> <span class='ocrx_word' id='word_1_162' title='bbox 1390 2399 1521 2465; x_wconf 87' lang='lat' dir='ltr'>partum.</span> 
     </span>
     <span class='ocr_line' id='line_1_20' title="bbox 354 2494 1520 2571; baseline 0.003 -19"><span class='ocrx_word' id='word_1_163' title='bbox 354 2494 414 2553; x_wconf 86' lang='lat' dir='ltr'>Sed</span> <span class='ocrx_word' id='word_1_164' title='bbox 438 2496 577 2571; x_wconf 89' lang='lat' dir='ltr'>Hyginus</span> <span class='ocrx_word' id='word_1_165' title='bbox 611 2506 639 2553; x_wconf 90' lang='lat' dir='ltr'>et</span> <span class='ocrx_word' id='word_1_166' title='bbox 672 2497 844 2555; x_wconf 89' lang='lat' dir='ltr'>Lactantius</span> <span class='ocrx_word' id='word_1_167' title='bbox 877 2497 1015 2554; x_wconf 89' lang='lat' dir='ltr'>Placidus</span> <span class='ocrx_word' id='word_1_168' title='bbox 1050 2497 1088 2553; x_wconf 86' lang='lat' dir='ltr'>ad</span> <span class='ocrx_word' id='word_1_169' title='bbox 1113 2498 1209 2556; x_wconf 90' lang='lat' dir='ltr'>Theb.</span> <span class='ocrx_word' id='word_1_170' title='bbox 1234 2498 1286 2566; x_wconf 92' lang='lat' dir='ltr'>IX,</span> <span class='ocrx_word' id='word_1_171' title='bbox 1302 2498 1360 2570; x_wconf 84' lang='lat'>361</span> <span class='ocrx_word' id='word_1_172' title='bbox 1389 2507 1419 2555; x_wconf 93' lang='lat' dir='ltr'>et</span> <span class='ocrx_word' id='word_1_173' title='bbox 1444 2500 1520 2556; x_wconf 88' lang='lat' dir='ltr'>Lac·</span> 
     </span>
     <span class='ocr_line' id='line_1_21' title="bbox 352 2602 1520 2679; baseline 0.004 -21"><span class='ocrx_word' id='word_1_174' title='bbox 352 2602 464 2660; x_wconf 87' lang='lat' dir='ltr'>tantius</span> <span class='ocrx_word' id='word_1_175' title='bbox 488 2613 595 2662; x_wconf 87' lang='lat' dir='ltr'>narrat.</span> <span class='ocrx_word' id='word_1_176' title='bbox 621 2603 710 2663; x_wconf 91' lang='lat' dir='ltr'>Ovid.</span> <span class='ocrx_word' id='word_1_177' title='bbox 735 2606 789 2672; x_wconf 88' lang='lat' dir='ltr'>XI,</span> <span class='ocrx_word' id='word_1_178' title='bbox 808 2624 844 2662; x_wconf 93' lang='lat'>10</span> <span class='ocrx_word' id='word_1_179' title='bbox 871 2604 1011 2661; x_wconf 91' lang='lat' dir='ltr'>Ovidium</span> <span class='ocrx_word' id='word_1_180' title='bbox 1036 2614 1206 2678; x_wconf 90' lang='lat' dir='ltr'>sequuntur,</span> <span class='ocrx_word' id='word_1_181' title='bbox 1231 2603 1282 2679; x_wconf 91' lang='lat' dir='ltr'>qui</span> <span class='ocrx_word' id='word_1_182' title='bbox 1315 2613 1430 2678; x_wconf 90' lang='lat' dir='ltr'>septem</span> <span class='ocrx_word' id='word_1_183' title='bbox 1456 2615 1520 2663; x_wconf 90' lang='lat' dir='ltr'>tan·</span> 
     </span>
     <span class='ocr_line' id='line_1_22' title="bbox 351 2710 1520 2787; baseline 0.004 -22"><span class='ocrx_word' id='word_1_184' title='bbox 351 2710 508 2769; x_wconf 88' lang='lat' dir='ltr'>tummodo</span> <span class='ocrx_word' id='word_1_185' title='bbox 533 2711 597 2768; x_wconf 89' lang='lat' dir='ltr'>dies</span> <span class='ocrx_word' id='word_1_186' title='bbox 621 2711 756 2786; x_wconf 93' lang='lat' dir='ltr'>placidos</span> <span class='ocrx_word' id='word_1_187' title='bbox 779 2721 874 2768; x_wconf 93' lang='lat' dir='ltr'>vocat.</span> <span class='ocrx_word' id='word_1_188' title='bbox 911 2711 1014 2768; x_wconf 88' lang='lat' dir='ltr'>Verba</span> <span class='ocrx_word' id='word_1_189' title='bbox 1031 2711 1202 2787; x_wconf 90' lang='lat' dir='ltr'>Hyginiana</span> <span class='ocrx_word' id='word_1_190' title='bbox 1225 2711 1296 2786; x_wconf 90' lang='lat' dir='ltr'>legit</span> <span class='ocrx_word' id='word_1_191' title='bbox 1319 2711 1448 2785; x_wconf 88' lang='lat' dir='ltr'>Servius,</span> <span class='ocrx_word' id='word_1_192' title='bbox 1467 2714 1520 2787; x_wconf 90' lang='lat' dir='ltr'>qui</span> 
     </span>
     <span class='ocr_line' id='line_1_23' title="bbox 352 2815 1517 2895; baseline 0.004 -22"><span class='ocrx_word' id='word_1_193' title='bbox 352 2815 415 2874; x_wconf 90' lang='lat' dir='ltr'>dies</span> <span class='ocrx_word' id='word_1_194' title='bbox 450 2818 603 2893; x_wconf 89' lang='lat' dir='ltr'>alcyonios</span> <span class='ocrx_word' id='word_1_195' title='bbox 640 2819 794 2894; x_wconf 87' lang='lat' dir='ltr'>Hyginum</span> <span class='ocrx_word' id='word_1_196' title='bbox 833 2829 949 2876; x_wconf 88' lang='lat' dir='ltr'>secutus</span> <span class='ocrx_word' id='word_1_197' title='bbox 985 2819 1122 2893; x_wconf 89' lang='lat' dir='ltr'>alcyonia</span> <span class='ocrx_word' id='word_1_198' title='bbox 1158 2818 1288 2893; x_wconf 87' lang='lat' dir='ltr'>appellat</span> <span class='ocrx_word' id='word_1_199' title='bbox 1322 2816 1375 2891; x_wconf 82' lang='lat' dir='ltr'>(ad</span> <span class='ocrx_word' id='word_1_200' title='bbox 1411 2838 1517 2895; x_wconf 85' lang='lat' dir='ltr'>georg.</span> 
     </span>
     <span class='ocr_line' id='line_1_24' title="bbox 350 2923 835 3004; baseline 0.006 -24"><span class='ocrx_word' id='word_1_201' title='bbox 350 2924 373 2992; x_wconf 92' lang='lat' dir='ltr'>I,</span> <span class='ocrx_word' id='word_1_202' title='bbox 388 2943 470 3000; x_wconf 75' lang='lat'>3993</span> <span class='ocrx_word' id='word_1_203' title='bbox 495 2926 639 3002; x_wconf 87' lang='lat' dir='ltr'>mythogr.</span> <span class='ocrx_word' id='word_1_204' title='bbox 666 2927 734 2984; x_wconf 87' lang='lat' dir='ltr'>Vat.</span> <span class='ocrx_word' id='word_1_205' title='bbox 759 2927 773 2983; x_wconf 99' lang='grc' dir='ltr'>Ι</span> <span class='ocrx_word' id='word_1_206' title='bbox 797 2923 835 3004; x_wconf 86' lang='grc'>9).</span> 
     </span>
    </p>

    <p class='ocr_par' dir='ltr' id='par_1_7' title="bbox 348 3031 1521 3750">
     <span class='ocr_line' id='line_1_25' title="bbox 456 3031 1520 3108; baseline 0.005 -19"><span class='ocrx_word' id='word_1_207' title='bbox 456 3033 627 3090; x_wconf 88' lang='lat' dir='ltr'>Extremum</span> <span class='ocrx_word' id='word_1_208' title='bbox 652 3033 819 3108; x_wconf 82' lang='lat' dir='ltr'>exemplum</span> <span class='ocrx_word' id='word_1_209' title='bbox 844 3033 1055 3102; x_wconf 84' lang='lat' dir='ltr'>adnotationis,</span> <span class='ocrx_word' id='word_1_210' title='bbox 1081 3050 1157 3106; x_wconf 89' lang='lat' dir='ltr'>quae</span> <span class='ocrx_word' id='word_1_211' title='bbox 1192 3050 1228 3088; x_wconf 86' lang='lat' dir='ltr'>ex</span> <span class='ocrx_word' id='word_1_212' title='bbox 1252 3031 1362 3089; x_wconf 91' lang='lat' dir='ltr'>Ovidio</span> <span class='ocrx_word' id='word_1_213' title='bbox 1396 3033 1520 3094; x_wconf 83' lang='lat' dir='ltr'>fabulae</span> 
     </span>
     <span class='ocr_line' id='line_1_26' title="bbox 351 3140 1520 3215; baseline 0.004 -20"><span class='ocrx_word' id='word_1_214' title='bbox 351 3140 516 3197; x_wconf 88' lang='lat' dir='ltr'>secundum</span> <span class='ocrx_word' id='word_1_215' title='bbox 543 3140 675 3199; x_wconf 84' lang='lat' dir='ltr'>Graecos</span> <span class='ocrx_word' id='word_1_216' title='bbox 701 3150 853 3198; x_wconf 86' lang='lat' dir='ltr'>enarratae</span> <span class='ocrx_word' id='word_1_217' title='bbox 877 3140 1004 3208; x_wconf 85' lang='lat' dir='ltr'>additur,</span> <span class='ocrx_word' id='word_1_218' title='bbox 1024 3149 1113 3215; x_wconf 89' lang='lat' dir='ltr'>caput</span> <span class='ocrx_word' id='word_1_219' title='bbox 1142 3159 1175 3195; x_wconf 90' lang='lat'>12</span> <span class='ocrx_word' id='word_1_220' title='bbox 1182 3158 1198 3212; x_wconf 81' lang='lat'>3</span> <span class='ocrx_word' id='word_1_221' title='bbox 1226 3149 1278 3208; x_wconf 90' lang='lat' dir='ltr'>est,</span> <span class='ocrx_word' id='word_1_222' title='bbox 1296 3158 1356 3213; x_wconf 87' lang='lat' dir='ltr'>quo</span> <span class='ocrx_word' id='word_1_223' title='bbox 1381 3140 1420 3198; x_wconf 91' lang='lat' dir='ltr'>de</span> <span class='ocrx_word' id='word_1_224' title='bbox 1438 3143 1520 3200; x_wconf 93' lang='lat' dir='ltr'>Neo-</span> 
     </span>
     <span class='ocr_line' id='line_1_27' title="bbox 348 3243 1520 3328; baseline 0.003 -25"><span class='ocrx_word' id='word_1_225' title='bbox 348 3247 480 3320; x_wconf 89' lang='lat' dir='ltr'>ptolemo</span> <span class='ocrx_word' id='word_1_226' title='bbox 514 3247 618 3323; x_wconf 88' lang='lat' dir='ltr'>agitur.</span> <span class='ocrx_word' id='word_1_227' title='bbox 678 3248 810 3305; x_wconf 87' lang='lat' dir='ltr'>Fabulae</span> <span class='ocrx_word' id='word_1_228' title='bbox 846 3248 943 3316; x_wconf 90' lang='lat' dir='ltr'>enim,</span> <span class='ocrx_word' id='word_1_229' title='bbox 979 3266 1056 3321; x_wconf 89' lang='lat' dir='ltr'>quae</span> <span class='ocrx_word' id='word_1_230' title='bbox 1089 3246 1262 3320; x_wconf 88' lang='lat' dir='ltr'>ceteroquin</span> <span class='ocrx_word' id='word_1_231' title='bbox 1278 3243 1304 3328; x_wconf 62' lang='grc' dir='ltr'>Ἰ)</span> <span class='ocrx_word' id='word_1_232' title='bbox 1334 3247 1520 3323; x_wconf 83' lang='lat' dir='ltr'>tragicorum</span> 
     </span>
     <span class='ocr_line' id='line_1_28' title="bbox 349 3354 1521 3436; baseline 0.003 -26"><span class='ocrx_word' id='word_1_233' title='bbox 349 3365 522 3428; x_wconf 88' lang='lat' dir='ltr'>argumenta</span> <span class='ocrx_word' id='word_1_234' title='bbox 545 3355 651 3426; x_wconf 88' lang='lat' dir='ltr'>reddit,</span> <span class='ocrx_word' id='word_1_235' title='bbox 676 3355 780 3412; x_wconf 88' lang='lat' dir='ltr'>ultima</span> <span class='ocrx_word' id='word_1_236' title='bbox 802 3356 892 3413; x_wconf 90' lang='lat' dir='ltr'>verba</span> <span class='ocrx_word' id='word_1_237' title='bbox 915 3355 1002 3429; x_wconf 80' lang='lat'>(106.</span> <span class='ocrx_word' id='word_1_238' title='bbox 1032 3354 1079 3436; x_wconf 84' lang='lat'>1):</span> <span class='ocrx_word' id='word_1_239' title='bbox 1115 3355 1193 3410; x_wconf 73' lang='lat' dir='ltr'>curies</span> <span class='ocrx_word' id='word_1_240' title='bbox 1226 3373 1317 3411; x_wconf 84' lang='lat' dir='ltr'>osse</span> <span class='ocrx_word' id='word_1_241' title='bbox 1342 3363 1416 3430; x_wconf 81' lang='lat' dir='ltr'>per</span> <span class='ocrx_word' id='word_1_242' title='bbox 1438 3358 1521 3431; x_wconf 84' lang='lat' dir='ltr'>fines</span> 
     </span>
     <span class='ocr_line' id='line_1_29' title="bbox 348 3461 1521 3540; baseline 0.005 -23"><span class='ocrx_word' id='word_1_243' title='bbox 348 3461 568 3519; x_wconf 81' lang='lat' dir='ltr'>Ambraciae</span> <span class='ocrx_word' id='word_1_244' title='bbox 598 3471 640 3538; x_wconf 89' lang='lat' dir='ltr'>sp</span> <span class='ocrx_word' id='word_1_245' title='bbox 653 3482 749 3519; x_wconf 76' lang='lat' dir='ltr'>arse</span> <span class='ocrx_word' id='word_1_246' title='bbox 780 3470 854 3531; x_wconf 80' lang='lat' dir='ltr'>sunt,</span> <span class='ocrx_word' id='word_1_247' title='bbox 877 3481 950 3536; x_wconf 81' lang='lat' dir='ltr'>quae</span> <span class='ocrx_word' id='word_1_248' title='bbox 979 3470 1020 3518; x_wconf 79' lang='lat' dir='ltr'>est</span> <span class='ocrx_word' id='word_1_249' title='bbox 1047 3464 1076 3519; x_wconf 83' lang='lat' dir='ltr'>e&#39;n</span> <span class='ocrx_word' id='word_1_250' title='bbox 1100 3462 1189 3536; x_wconf 82' lang='lat' dir='ltr'>Epiri</span> <span class='ocrx_word' id='word_1_251' title='bbox 1217 3463 1372 3536; x_wconf 78' lang='lat' dir='ltr'>regionibus</span> <span class='ocrx_word' id='word_1_252' title='bbox 1396 3475 1521 3540; x_wconf 89' lang='lat' dir='ltr'>sumpta</span> 
     </span>
     <span class='ocr_line' id='line_1_30' title="bbox 350 3568 1518 3644; baseline 0.005 -19"><span class='ocrx_word' id='word_1_253' title='bbox 350 3585 413 3626; x_wconf 91' lang='lat' dir='ltr'>esse</span> <span class='ocrx_word' id='word_1_254' title='bbox 444 3587 480 3626; x_wconf 87' lang='lat' dir='ltr'>ex</span> <span class='ocrx_word' id='word_1_255' title='bbox 510 3569 597 3629; x_wconf 91' lang='lat' dir='ltr'>Ovid.</span> <span class='ocrx_word' id='word_1_256' title='bbox 631 3569 707 3628; x_wconf 92' lang='lat' dir='ltr'>lbid.</span> <span class='ocrx_word' id='word_1_257' title='bbox 739 3590 765 3626; x_wconf 93' lang='lat' dir='ltr'>v.</span> <span class='ocrx_word' id='word_1_258' title='bbox 793 3589 864 3644; x_wconf 88' lang='lat'>301.</span> <span class='ocrx_word' id='word_1_259' title='bbox 899 3589 959 3643; x_wconf 87' lang='lat'>302</span> <span class='ocrx_word' id='word_1_260' title='bbox 994 3568 1172 3627; x_wconf 90' lang='lat' dir='ltr'>Schmidtius</span> <span class='ocrx_word' id='word_1_261' title='bbox 1199 3588 1270 3626; x_wconf 92' lang='lat' dir='ltr'>mus.</span> <span class='ocrx_word' id='word_1_262' title='bbox 1297 3569 1419 3628; x_wconf 89' lang='lat' dir='ltr'>rhenan.</span> <span class='ocrx_word' id='word_1_263' title='bbox 1447 3573 1518 3643; x_wconf 92' lang='lat' dir='ltr'>XX,</span> 
     </span>
     <span class='ocr_line' id='line_1_31' title="bbox 350 3677 655 3750; baseline 0.01 -18"><span class='ocrx_word' id='word_1_264' title='bbox 350 3694 379 3750; x_wconf 94' lang='lat' dir='ltr'>p.</span> <span class='ocrx_word' id='word_1_265' title='bbox 406 3679 466 3747; x_wconf 83' lang='lat'>461</span> <span class='ocrx_word' id='word_1_266' title='bbox 494 3677 655 3741; x_wconf 85' lang='lat' dir='ltr'>intellexit:</span> 
     </span>
    </p>
   </div>
   <div class='ocr_carea' id='block_1_5' title="bbox 348 3832 1520 4618">
    <p class='ocr_par' dir='ltr' id='par_1_8' title="bbox 457 3832 1460 3903">
     <span class='ocr_line' id='line_1_32' title="bbox 457 3832 1460 3903; baseline -0.001 -19"><span class='ocrx_word' id='word_1_267' title='bbox 457 3832 475 3903; x_wconf 74' lang='grc' dir='ltr'>ι)</span> <span class='ocrx_word' id='word_1_268' title='bbox 495 3836 617 3899; x_wconf 91' lang='lat' dir='ltr'>Apollod.</span> <span class='ocrx_word' id='word_1_269' title='bbox 638 3837 688 3897; x_wconf 90' lang='lat'>17.</span> <span class='ocrx_word' id='word_1_270' title='bbox 704 3849 735 3896; x_wconf 77' lang='lat'>4,</span> <span class='ocrx_word' id='word_1_271' title='bbox 758 3835 837 3884; x_wconf 90' lang='lat' dir='ltr'>schol.</span> <span class='ocrx_word' id='word_1_272' title='bbox 858 3835 888 3882; x_wconf 90' lang='lat' dir='ltr'>ll.</span> <span class='ocrx_word' id='word_1_273' title='bbox 911 3839 934 3901; x_wconf 89' lang='grc' dir='ltr'>Ι,</span> <span class='ocrx_word' id='word_1_274' title='bbox 953 3835 1016 3897; x_wconf 86' lang='lat'>561;</span> <span class='ocrx_word' id='word_1_275' title='bbox 1039 3835 1129 3882; x_wconf 90' lang='lat' dir='ltr'>Preller</span> <span class='ocrx_word' id='word_1_276' title='bbox 1147 3851 1184 3898; x_wconf 85' lang='lat' dir='ltr'>gr.</span> <span class='ocrx_word' id='word_1_277' title='bbox 1205 3835 1284 3897; x_wconf 92' lang='lat' dir='ltr'>myth.</span> <span class='ocrx_word' id='word_1_278' title='bbox 1306 3836 1329 3883; x_wconf 95' lang='lat' dir='ltr'>ll</span> <span class='ocrx_word' id='word_1_279' title='bbox 1349 3852 1373 3898; x_wconf 94' lang='lat' dir='ltr'>p.</span> <span class='ocrx_word' id='word_1_280' title='bbox 1397 3848 1460 3897; x_wconf 87' lang='lat'>249.</span> 
     </span>
    </p>

    <p class='ocr_par' dir='ltr' id='par_1_9' title="bbox 350 3920 1520 4078">
     <span class='ocr_line' id='line_1_33' title="bbox 458 3920 1520 3993; baseline 0.004 -20"><span class='ocrx_word' id='word_1_281' title='bbox 458 3920 477 3993; x_wconf 74' lang='lat'>²)</span> <span class='ocrx_word' id='word_1_282' title='bbox 498 3924 615 3973; x_wconf 87' lang='lat' dir='ltr'>Ceterum</span> <span class='ocrx_word' id='word_1_283' title='bbox 635 3925 670 3988; x_wconf 77' lang='lat' dir='ltr'>id,</span> <span class='ocrx_word' id='word_1_284' title='bbox 693 3926 760 3989; x_wconf 88' lang='lat' dir='ltr'>quod</span> <span class='ocrx_word' id='word_1_285' title='bbox 779 3926 845 3973; x_wconf 90' lang='lat' dir='ltr'>solus</span> <span class='ocrx_word' id='word_1_286' title='bbox 865 3923 970 3972; x_wconf 91' lang='lat' dir='ltr'>Ovidius</span> <span class='ocrx_word' id='word_1_287' title='bbox 989 3925 1021 3972; x_wconf 90' lang='lat' dir='ltr'>de</span> <span class='ocrx_word' id='word_1_288' title='bbox 1049 3939 1150 3987; x_wconf 87' lang='lat' dir='ltr'>corpore</span> <span class='ocrx_word' id='word_1_289' title='bbox 1170 3924 1258 3987; x_wconf 88' lang='lat' dir='ltr'>Ceycis</span> <span class='ocrx_word' id='word_1_290' title='bbox 1278 3924 1309 3972; x_wconf 88' lang='lat' dir='ltr'>a&#39;d</span> <span class='ocrx_word' id='word_1_291' title='bbox 1339 3941 1408 3972; x_wconf 90' lang='lat' dir='ltr'>oram</span> <span class='ocrx_word' id='word_1_292' title='bbox 1437 3927 1520 3976; x_wconf 89' lang='lat' dir='ltr'>allato</span> 
     </span>
     <span class='ocr_line' id='line_1_34' title="bbox 350 4012 1453 4078; baseline 0.003 -17"><span class='ocrx_word' id='word_1_293' title='bbox 350 4022 440 4066; x_wconf 83' lang='lat' dir='ltr'>narrat.</span> <span class='ocrx_word' id='word_1_294' title='bbox 464 4015 525 4062; x_wconf 90' lang='lat' dir='ltr'>mire</span> <span class='ocrx_word' id='word_1_295' title='bbox 545 4030 599 4063; x_wconf 88' lang='lat' dir='ltr'>cum</span> <span class='ocrx_word' id='word_1_296' title='bbox 616 4015 645 4063; x_wconf 89' lang='lat' dir='ltr'>iis</span> <span class='ocrx_word' id='word_1_297' title='bbox 664 4014 792 4071; x_wconf 87' lang='lat' dir='ltr'>convenit,</span> <span class='ocrx_word' id='word_1_298' title='bbox 816 4030 878 4078; x_wconf 90' lang='lat' dir='ltr'>quae</span> <span class='ocrx_word' id='word_1_299' title='bbox 898 4015 929 4062; x_wconf 90' lang='lat' dir='ltr'>de</span> <span class='ocrx_word' id='word_1_300' title='bbox 948 4022 1026 4061; x_wconf 88' lang='lat' dir='ltr'>morte</span> <span class='ocrx_word' id='word_1_301' title='bbox 1046 4012 1155 4061; x_wconf 88' lang='lat' dir='ltr'>Leandri</span> <span class='ocrx_word' id='word_1_302' title='bbox 1173 4021 1197 4061; x_wconf 90' lang='lat' dir='ltr'>et</span> <span class='ocrx_word' id='word_1_303' title='bbox 1216 4015 1296 4063; x_wconf 88' lang='lat' dir='ltr'>Herus</span> <span class='ocrx_word' id='word_1_304' title='bbox 1315 4015 1453 4065; x_wconf 85' lang='lat' dir='ltr'>traduntur.</span> 
     </span>
    </p>

    <p class='ocr_par' dir='ltr' id='par_1_10' title="bbox 458 4100 1158 4172">
     <span class='ocr_line' id='line_1_35' title="bbox 458 4100 1158 4172; baseline -0.003 -20"><span class='ocrx_word' id='word_1_305' title='bbox 458 4101 481 4170; x_wconf 77' lang='grc'>8)</span> <span class='ocrx_word' id='word_1_306' title='bbox 500 4100 594 4154; x_wconf 68' lang='grc' dir='ltr'><em>ἀκταία</em></span> <span class='ocrx_word' id='word_1_307' title='bbox 614 4101 687 4172; x_wconf 83' lang='grc' dir='ltr'><strong><em>ὅρνις</em></strong></span> <span class='ocrx_word' id='word_1_308' title='bbox 705 4103 828 4166; x_wconf 89' lang='lat' dir='ltr'>Apollon.</span> <span class='ocrx_word' id='word_1_309' title='bbox 848 4103 869 4168; x_wconf 90' lang='grc' dir='ltr'>Ι,</span> <span class='ocrx_word' id='word_1_310' title='bbox 895 4103 973 4163; x_wconf 82' lang='grc'><strong>1087;</strong></span> <span class='ocrx_word' id='word_1_311' title='bbox 996 4103 1086 4151; x_wconf 89' lang='lat' dir='ltr'>Preller</span> <span class='ocrx_word' id='word_1_312' title='bbox 1104 4103 1120 4154; x_wconf 94' lang='lat' dir='ltr'>l.</span> <span class='ocrx_word' id='word_1_313' title='bbox 1140 4102 1158 4150; x_wconf 97' lang='lat' dir='ltr'>l.</span> 
     </span>
    </p>

    <p class='ocr_par' dir='ltr' id='par_1_11' title="bbox 350 4190 1519 4346">
     <span class='ocr_line' id='line_1_36' title="bbox 455 4190 1519 4259; baseline 0.004 -17"><span class='ocrx_word' id='word_1_314' title='bbox 455 4190 478 4259; x_wconf 78' lang='lat'>⁴)</span> <span class='ocrx_word' id='word_1_315' title='bbox 498 4194 530 4242; x_wconf 85' lang='lat' dir='ltr'>ad</span> <span class='ocrx_word' id='word_1_316' title='bbox 548 4194 667 4242; x_wconf 88' lang='lat' dir='ltr'>Nicandri</span> <span class='ocrx_word' id='word_1_317' title='bbox 695 4194 725 4242; x_wconf 79' lang='lat' dir='ltr'>fr.</span> <span class='ocrx_word' id='word_1_318' title='bbox 747 4193 781 4251; x_wconf 87' lang='lat'>64</span> <span class='ocrx_word' id='word_1_319' title='bbox 800 4217 833 4240; x_wconf 73' lang='lat' dir='ltr'><strong><em>z</em></strong></span> <span class='ocrx_word' id='word_1_320' title='bbox 853 4193 927 4240; x_wconf 91' lang='lat' dir='ltr'>Prob.</span> <span class='ocrx_word' id='word_1_321' title='bbox 949 4193 980 4240; x_wconf 85' lang='lat' dir='ltr'>ad</span> <span class='ocrx_word' id='word_1_322' title='bbox 1009 4208 1095 4256; x_wconf 85' lang='lat' dir='ltr'>georg.</span> <span class='ocrx_word' id='word_1_323' title='bbox 1116 4192 1137 4258; x_wconf 92' lang='grc' dir='ltr'>Ι,</span> <span class='ocrx_word' id='word_1_324' title='bbox 1155 4205 1217 4254; x_wconf 74' lang='lat'>399,</span> <span class='ocrx_word' id='word_1_325' title='bbox 1249 4193 1339 4241; x_wconf 87' lang='lat' dir='ltr'>Rohde</span> <span class='ocrx_word' id='word_1_326' title='bbox 1358 4210 1395 4257; x_wconf 87' lang='lat' dir='ltr'>gr.</span> <span class='ocrx_word' id='word_1_327' title='bbox 1426 4211 1519 4246; x_wconf 87' lang='lat' dir='ltr'>roman</span> 
     </span>
     <span class='ocr_line' id='line_1_37' title="bbox 350 4282 1049 4346; baseline -0.004 -14"><span class='ocrx_word' id='word_1_328' title='bbox 350 4299 375 4346; x_wconf 91' lang='lat' dir='ltr'>p.</span> <span class='ocrx_word' id='word_1_329' title='bbox 401 4292 464 4346; x_wconf 80' lang='lat'>125;</span> <span class='ocrx_word' id='word_1_330' title='bbox 488 4283 596 4330; x_wconf 86' lang='lat' dir='ltr'>Knaack</span> <span class='ocrx_word' id='word_1_331' title='bbox 616 4283 693 4332; x_wconf 88' lang='lat' dir='ltr'>anall.</span> <span class='ocrx_word' id='word_1_332' title='bbox 733 4283 842 4330; x_wconf 85' lang='lat' dir='ltr'>Alex.—</span> <span class='ocrx_word' id='word_1_333' title='bbox 863 4282 937 4330; x_wconf 91' lang='lat' dir='ltr'>Rom.</span> <span class='ocrx_word' id='word_1_334' title='bbox 959 4297 985 4344; x_wconf 92' lang='lat' dir='ltr'>p.</span> <span class='ocrx_word' id='word_1_335' title='bbox 1008 4291 1049 4344; x_wconf 87' lang='lat'>54.</span> 
     </span>
    </p>

    <p class='ocr_par' dir='ltr' id='par_1_12' title="bbox 348 4370 1519 4529">
     <span class='ocr_line' id='line_1_38' title="bbox 456 4370 1519 4437; baseline 0.004 -17"><span class='ocrx_word' id='word_1_336' title='bbox 456 4370 479 4437; x_wconf 73' lang='lat'>⁶)</span> <span class='ocrx_word' id='word_1_337' title='bbox 498 4373 602 4422; x_wconf 89' lang='lat' dir='ltr'>Aristot.</span> <span class='ocrx_word' id='word_1_338' title='bbox 623 4373 681 4421; x_wconf 91' lang='lat' dir='ltr'>hist.</span> <span class='ocrx_word' id='word_1_339' title='bbox 702 4389 743 4421; x_wconf 86' lang='lat' dir='ltr'>an.</span> <span class='ocrx_word' id='word_1_340' title='bbox 767 4382 791 4437; x_wconf 85' lang='grc'>5,</span> <span class='ocrx_word' id='word_1_341' title='bbox 807 4371 838 4437; x_wconf 76' lang='lat'>83</span> <span class='ocrx_word' id='word_1_342' title='bbox 859 4371 939 4420; x_wconf 87' lang='lat' dir='ltr'>schol.</span> <span class='ocrx_word' id='word_1_343' title='bbox 962 4372 1047 4434; x_wconf 91' lang='lat' dir='ltr'>Apoll.</span> <span class='ocrx_word' id='word_1_344' title='bbox 1070 4372 1090 4437; x_wconf 92' lang='grc' dir='ltr'>Ι,</span> <span class='ocrx_word' id='word_1_345' title='bbox 1112 4371 1190 4428; x_wconf 77' lang='lat'>1086;</span> <span class='ocrx_word' id='word_1_346' title='bbox 1222 4373 1301 4421; x_wconf 90' lang='lat' dir='ltr'>schol.</span> <span class='ocrx_word' id='word_1_347' title='bbox 1322 4372 1430 4426; x_wconf 72' lang='lat' dir='ltr'>Theocr</span> <span class='ocrx_word' id='word_1_348' title='bbox 1453 4376 1519 4424; x_wconf 87' lang='lat' dir='ltr'>Am·</span> 
     </span>
     <span class='ocr_line' id='line_1_39' title="bbox 348 4461 1310 4529; baseline 0 -18"><span class='ocrx_word' id='word_1_349' title='bbox 348 4463 416 4512; x_wconf 92' lang='lat' dir='ltr'>bros.</span> <span class='ocrx_word' id='word_1_350' title='bbox 439 4471 464 4529; x_wconf 82' lang='lat'>7,</span> <span class='ocrx_word' id='word_1_351' title='bbox 483 4470 533 4524; x_wconf 85' lang='lat'>57;</span> <span class='ocrx_word' id='word_1_352' title='bbox 557 4461 621 4510; x_wconf 88' lang='lat' dir='ltr'>Plin.</span> <span class='ocrx_word' id='word_1_353' title='bbox 643 4469 695 4511; x_wconf 87' lang='lat' dir='ltr'>nat.</span> <span class='ocrx_word' id='word_1_354' title='bbox 718 4462 776 4510; x_wconf 90' lang='lat' dir='ltr'>hist.</span> <span class='ocrx_word' id='word_1_355' title='bbox 802 4475 840 4520; x_wconf 90' lang='lat'>10,</span> <span class='ocrx_word' id='word_1_356' title='bbox 862 4475 909 4522; x_wconf 79' lang='lat'>903</span> <span class='ocrx_word' id='word_1_357' title='bbox 934 4461 1023 4510; x_wconf 85' lang='lat' dir='ltr'>Preller</span> <span class='ocrx_word' id='word_1_358' title='bbox 1042 4461 1059 4509; x_wconf 91' lang='lat' dir='ltr'>l.</span> <span class='ocrx_word' id='word_1_359' title='bbox 1081 4461 1099 4509; x_wconf 95' lang='lat' dir='ltr'>l.</span> <span class='ocrx_word' id='word_1_360' title='bbox 1120 4477 1146 4524; x_wconf 90' lang='lat' dir='ltr'>p.</span> <span class='ocrx_word' id='word_1_361' title='bbox 1168 4475 1219 4522; x_wconf 86' lang='lat'>294</span> <span class='ocrx_word' id='word_1_362' title='bbox 1238 4479 1263 4510; x_wconf 91' lang='lat' dir='ltr'>n.</span> <span class='ocrx_word' id='word_1_363' title='bbox 1284 4476 1310 4523; x_wconf 93' lang='lat'>4.</span> 
     </span>
    </p>

    <p class='ocr_par' dir='ltr' id='par_1_13' title="bbox 456 4547 1400 4618">
     <span class='ocr_line' id='line_1_40' title="bbox 456 4547 1400 4618; baseline 0.004 -19"><span class='ocrx_word' id='word_1_364' title='bbox 456 4547 478 4618; x_wconf 71' lang='grc'>6)</span> <span class='ocrx_word' id='word_1_365' title='bbox 499 4551 586 4615; x_wconf 86' lang='lat' dir='ltr'>Lange</span> <span class='ocrx_word' id='word_1_366' title='bbox 605 4552 636 4599; x_wconf 90' lang='lat' dir='ltr'>de</span> <span class='ocrx_word' id='word_1_367' title='bbox 656 4568 719 4600; x_wconf 87' lang='lat' dir='ltr'>nexu</span> <span class='ocrx_word' id='word_1_368' title='bbox 737 4566 763 4615; x_wconf 88' lang='lat' dir='ltr'>p.</span> <span class='ocrx_word' id='word_1_369' title='bbox 787 4562 826 4613; x_wconf 87' lang='lat'>51;</span> <span class='ocrx_word' id='word_1_370' title='bbox 849 4551 940 4600; x_wconf 88' lang='lat' dir='ltr'>Preller</span> <span class='ocrx_word' id='word_1_371' title='bbox 957 4567 995 4615; x_wconf 88' lang='lat' dir='ltr'>gr.</span> <span class='ocrx_word' id='word_1_372' title='bbox 1017 4551 1095 4614; x_wconf 81' lang='lat' dir='ltr'>myth.</span> <span class='ocrx_word' id='word_1_373' title='bbox 1116 4552 1140 4599; x_wconf 91' lang='lat' dir='ltr'>Il</span> <span class='ocrx_word' id='word_1_374' title='bbox 1159 4568 1184 4614; x_wconf 93' lang='lat' dir='ltr'>p.</span> <span class='ocrx_word' id='word_1_375' title='bbox 1205 4551 1256 4614; x_wconf 82' lang='lat'>467</span> <span class='ocrx_word' id='word_1_376' title='bbox 1276 4569 1301 4608; x_wconf 87' lang='lat' dir='ltr'>n.</span> <span class='ocrx_word' id='word_1_377' title='bbox 1321 4563 1400 4617; x_wconf 87' lang='lat'>2—5.</span> 
     </span>
    </p>
   </div>
   <div class='ocr_carea' id='block_1_6' title="bbox 0 0 1572 5354">
    <p class='ocr_par' dir='ltr' id='par_1_14' title="bbox 0 0 1572 5354">
     <span class='ocr_line' id='line_1_41' title="bbox 0 0 1572 5354; baseline 0 3"><span class='ocrx_word' id='word_1_378' title='bbox 0 0 1572 5354; x_wconf 95' lang='lat' dir='ltr'> </span> 
     </span>
    </p>
   </div>
  </div>
 </body>
</html>
