3136 5354
836 341 1054 406 ..ξὸ-

363 550 474 617 camus,
500 545 623 604 omnino
658 545 824 603 fabularum
858 546 966 604 librum
1000 546 1118 605 novisse
1155 546 1325 605 narratione
1350 546 1413 605 eius
1436 547 1484 616 XI,
1499 544 1512 621 3

362 657 505 714 docemur
528 664 698 729 comparata
722 672 788 710 curn
812 655 913 712 fabula
941 671 1018 729 191:

611 816 690 889 Hyg.
871 810 877 822 ’
1193 817 1276 872 Lact.

406 924 448 979 At
469 923 569 979 aaziae
591 922 678 978 Liber
692 927 780 997 paler
800 922 833 978 ab
849 923 921 978 berre·
1017 922 1104 996 Quod
1114 924 1146 979 ab
1161 923 1316 998 berreficr'mn
1333 923 1451 998 optandi
1463 923 1516 978 deris

352 1030 453 1105 ficium
476 1029 625 1103 deprandi
652 1028 727 1085 dedit
749 1036 919 1103 patestatem,
966 1032 1076 1087 turrium
1099 1031 1126 1087 ei
1146 1030 1238 1086 dedit:
1260 1031 1380 1104 siquid
1400 1030 1515 1098 velletr

362 1144 400 1208 at,
425 1135 565 1211 praeilqrrid
583 1136 669 1205 vellet,
686 1143 793 1210 peteret
814 1156 832 1192 cr
855 1155 891 1193 re.
966 1144 1120 1211 repeteret.

468 1297 553 1370 Quae
576 1296 738 1355 similitudo
762 1315 823 1353 non
838 1315 854 1354 e
879 1297 1029 1354 communi
1047 1315 1101 1354 usu
1120 1315 1219 1354 versus
1236 1296 1380 1355 Ovidiani
1396 1299 1451 1368 XI,
1468 1317 1516 1354 100

467 1406 532 1461 huic
552 1405 617 1460 deus
639 1404 755 1478 optandi
771 1411 900 1476 gratum,
924 1405 974 1460 sed
992 1404 1097 1474 inutile,
1113 1405 1186 1478 fecit

467 1513 590 1568 murtetis
613 1511 772 1567 arbitrium.

362 1619 503 1695 explicari
538 1627 644 1694 potest.
677 1651 717 1658 --
753 1618 889 1676 Ceterum
926 1629 1005 1675 recte
1041 1618 1222 1677 Schmidtius
1258 1619 1384 1677 alterum
1421 1637 1519 1676 canum

362 1727 541 1801 catalogum,
566 1725 617 1799 qui
640 1724 769 1800 priorem
795 1724 975 1783 Ouidianum
998 1724 1140 1799 sequitur,
1158 1725 1321 1802 genuinum
1335 1744 1400 1784 esse
1417 1735 1518 1794 censet,

362 1835 473 1910 quippe
497 1834 548 1908 qui
572 1833 669 1891 eidem
694 1832 768 1889 sonti
793 1832 895 1890 deberi
918 1832 1061 1896 videatur,
1079 1827 1104 1908 ¹)
1129 1833 1167 1890 ad
1192 1851 1280 1908 quern
1305 1833 1439 1890 fabulam
1469 1835 1519 1890 180

751 1934 762 1953 rt

361 1942 456 2000 redire
480 1941 541 1999 veri
564 1940 660 1998 simile
684 1949 737 2009 est,
752 1941 774 2016 ·)
800 1940 971 2014 tragoediae
987 1940 1182 2013 Aeschylcae,
1208 1958 1284 2014 quae
1309 1940 1520 1998 inscribebatur

364 2047 542 2124 Τοξότιόες.
625 2113 627 2118 ,

467 2156 610 2224 Testium‚
644 2173 719 2229 quos
750 2154 847 2229 capita
880 2155 980 2228 spuria
1012 2154 1119 2229 legisse
1150 2154 1287 2223 vidimus,
1319 2165 1400 2212 aetas
1432 2155 1522 2214 adhuc

361 2265 447 2323 certis
471 2263 602 2321 terminis
619 2261 734 2320 deliniri
758 2262 878 2336 nequit:
904 2280 984 2319 anno
1002 2263 1062 2319 sere
1088 2278 1149 2337 500
1166 2261 1373 2320 recensionem
1397 2272 1522 2320 nostram

361 2371 504 2430 exstitisse
520 2369 683 2428 statuimus,
730 2369 804 2426 Loci
820 2387 899 2440 vero,
919 2388 993 2443 quos
1011 2368 1192 2427 Schmidtius
1208 2369 1299 2443 praes.
1318 2388 1346 2443 p.
1365 2371 1480 2426 XLVII
1496 2387 1521 2425 n.

361 2477 624 2554 emythographis
648 2476 802 2533 Vaticanis
826 2477 917 2545 affert,
949 2488 981 2533 ut
1014 2495 1065 2534 eos
1099 2476 1277 2550 interpolato
1302 2476 1426 2550 Hygino
1459 2494 1523 2533 usos

361 2604 426 2644 esse
458 2585 580 2660 probet,
612 2584 719 2641 nullius
753 2594 820 2641 sunt
849 2583 1000 2642 momenti.
1050 2583 1109 2656 Qui
1143 2583 1390 2658 quotiescumque
1414 2584 1524 2658 mytho·

360 2694 504 2768 graphum
519 2692 602 2767 sequi
614 2692 759 2760 videntur,
779 2711 839 2749 non
853 2710 888 2749 ex
901 2690 966 2766 ipso
985 2690 1107 2766 Hygino
1121 2690 1268 2760 hauriunt,
1283 2691 1336 2748 sed
1353 2691 1523 2766 Hyginiana

361 2801 399 2858 ab
433 2800 601 2858 auctoribus
632 2800 700 2867 suis,
736 2799 895 2874 praecipue
920 2818 937 2855 a
968 2798 1080 2866 Servi0,
1116 2797 1274 2872 accipiunt.
1291 2791 1317 2879 3)
1371 2800 1436 2855 lam
1461 2817 1524 2855 eum

360 2907 526 2976 terminum,
544 2916 611 2981 post
628 2924 715 2981 quem
732 2906 850 2962 fabulae
869 2915 1041 2964 retractatae
1058 2905 1124 2974 sint,
1144 2904 1304 2962 Dositheus
1321 2905 1524 2980 sermonisque

360 3014 481 3084 indicia,
495 3014 651 3072 terminum
664 3024 732 3071 ante
745 3032 832 3087 quem
846 3013 1130 3088 mythographorum
1143 3011 1339 3088 posteriorum
1356 3012 1524 3070 testimonia
1562 3082 1564 3087 ,

360 3131 519 3196 praestent,
536 3130 633 3190 restat,
658 3132 690 3178 ut
706 3121 887 3178 recensionis
906 3120 1051 3194 originem
1075 3120 1201 3178 saeculis
1218 3121 1336 3176 III—V
1353 3119 1522 3177 tribuamus.
1561 3094 1564 3161 ἶ

360 3228 499 3286 Dubitari
528 3246 590 3285 non
622 3238 728 3304 potest,
762 3228 832 3302 quin
864 3228 953 3285 etiam
985 3238 1052 3302 post
1082 3227 1140 3284 hoc
1171 3237 1286 3302 tempus
1321 3226 1524 3287 additamenta

360 3335 457 3393 aliena
481 3346 579 3393 assuta
607 3335 674 3395 sint.
722 3337 765 3392 Ea
788 3335 877 3404 enim,
903 3353 980 3409 quae
1012 3344 1081 3409 post
1113 3345 1201 3409 caput
1238 3336 1296 3404 164
1329 3334 1477 3408 leguntur,
1510 3350 1523 3390 e

363 3443 510 3518 Fulgentii
528 3443 691 3518 mytholog.
709 3445 753 3500 ΙΙΙ
774 3463 821 3500 10.
841 3445 858 3499 8
877 3456 905 3500 et
923 3442 1021 3516 capita
1041 3445 1100 3517 258
1114 3445 1209 3498 -·-261
1230 3460 1247 3499 e
1264 3440 1357 3498 Servii
1374 3459 1522 3499 commen·

359 3550 434 3608 tario
459 3550 498 3608 ad
521 3552 597 3608 Aen.
622 3552 636 3606 I
663 3553 733 3626 568.
760 3569 833 3624 323·
862 3569 922 3625 570
948 3551 976 3606 ΙΙ
1004 3551 1062 3605 116
1086 3549 1237 3624 irrepsisse
1254 3544 1420 3625 constat.⁴)
1468 3547 1523 3607 Sed

361 3727 677 3736 ——----——-———-

470 3813 491 3881 ¹)
512 3815 598 3864 l‘ollux
617 3815 650 3881 V,
672 3826 718 3876 473
743 3814 845 3862 Bursian
867 3815 967 3862 emend.
989 3815 1055 3877 llyg.
1076 3830 1101 3876 p,
1125 3823 1153 3876 53
1176 3813 1260 3876 Unger
1279 3812 1366 3875 philol.
1387 3813 1478 3869 XLVI,
1500 3829 1522 3878 p.
1562 3784 1564 3793 Ι

361 3919 425 3968 229;
449 3906 527 3954 Βεῑίιε
546 3913 651 3956 rameut.
672 3905 794 3967 mythogr.
814 3904 971 3968 (genethliac,
992 3903 1120 3967 Gottiug.)
1138 3919 1163 3966 p.
1184 3916 1228 3966 43.

466 3992 487 4061 ²)
507 3995 593 4043 Pollux
613 3995 655 4052 IV,
689 4007 753 4061 141¹
780 3995 866 4058 Lange
892 3995 922 4041 de
950 4010 1012 4041 nexu
1038 4010 1064 4056 p.
1086 3994 1135 4055 36;
1168 3994 1257 4042 Preller
1285 4010 1321 4056 gr.
1352 3994 1432 4055 myth.
1461 3995 1472 4041 Ι
1500 4009 1521 4056 p.
1562 4030 1564 4039 .

361 4096 459 4150 37511·
480 4087 505 4134 ⁶·

465 4173 486 4243 ³)
506 4176 593 4240 Lange
614 4175 645 4224 de
663 4191 727 4224 nexu
747 4191 772 4237 p.
798 4188 824 4223 11
846 4191 866 4222 S.
888 4174 1003 4223 Ceterum
1023 4191 1053 4222 ne
1073 4175 1150 4222 verba
1164 4174 1264 4238 quidem
1279 4173 1369 4237 capitis
1388 4170 1523 4236 3(39.1o)

359 4266 407 4314 Ita
435 4265 556 4314 dicitur
583 4281 657 4313 esse
686 4264 808 4313 factum
839 4281 852 4312 e
874 4264 985 4313 breviore
1009 4264 1152 4312 recensione
1173 4264 1279 4331 fluxisse,
1302 4264 1346 4311 sed
1373 4262 1519 4327 interpolata

360 4371 413 4404 esse
432 4363 501 4419 puto.
541 4356 672 4417 Quaenam
692 4353 812 4420 recensio,
833 4354 929 4402 etiamsi
950 4354 1047 4402 brevior
1066 4369 1120 4402 esse
1141 4354 1207 4410 velit,
1230 4361 1336 4402 mortem
1358 4353 1455 4418 Helles,
1470 4365 1520 4400 cum

359 4445 391 4495 de
411 4445 493 4495 Phrixi
514 4444 572 4510 luga
591 4452 686 4509 agatur,
709 4445 822 4494 omittere
843 4446 939 4507 potest?

465 4530 487 4609 ⁴)
506 4534 610 4586 Bursian
629 4533 787 4584 Fleckeisen.
809 4550 868 4582 urin.
890 4533 952 4598 phil.
974 4532 1068 4594 XCIII,
1091 4548 1117 4598 p.
1141 4545 1190 4598 772
1210 4551 1236 4584 n.
1259 4546 1306 4594 22;
1329 4549 1355 4598 pt
1379 4532 1430 4597 780
1449 4548 1469 4582 s.
