3136 5354
345 601 442 658 aruea,
473 608 550 665 quae
583 589 698 658 dicitur,
731 607 850 663 prorsus
885 588 1044 645 abhorrere
1080 607 1174 662 nuper
1206 590 1517 666 Tsclriassnyus

346 709 424 755 recte
448 709 558 755 monet.
607 698 671 755 Nec
697 715 768 754 sane
785 696 900 752 videtur
924 695 1034 752 esseio
1052 714 1153 763 eausa,
1172 716 1223 753 eur
1239 697 1268 753 in
1287 700 1515 765 nonnullorum,

346 805 395 879 qui
419 805 525 862 librum
551 805 701 879 epitomen
728 821 791 860 csse
816 813 937 859 censent
962 822 977 860 e
1001 803 1083 860 libris
1109 803 1294 877 quibusdam
1311 805 1380 879 Julii
1397 805 1516 880 Hygini

345 913 522 980 confectam,
548 911 694 968 sententia
718 910 875 967 refutanda
910 928 1065 967 versemur.
1116 911 1304 986 Comparatis
1335 912 1413 968 enim
1442 913 1515 968 lno-

345 1019 410 1076 dori
434 1019 653 1076 narrationibus
677 1017 896 1092 mythologiciS,
914 1012 935 1090 Ι)
960 1018 1139 1092 Apollodori
1169 1019 1361 1087 bibliotheca,
1389 1019 1515 1075 scholiis

345 1126 375 1183 in
401 1126 553 1200 Apollonii
580 1125 692 1182 Rhodii
716 1124 920 1200 Argonautica
945 1125 1111 1181 fabularum
1128 1137 1301 1201 argumenta
1318 1126 1422 1183 iisdem
1450 1127 1515 1182 son·

344 1234 421 1290 tibus
458 1233 581 1290 Graecis
613 1233 715 1290 deberi
748 1232 917 1306 iisdemque
952 1251 986 1289 ex
1019 1233 1232 1307 hypothesibus
1263 1236 1405 1292 translata
1448 1253 1514 1291 esse

345 1342 458 1408 elucet,
492 1359 508 1397 e
540 1340 646 1414 quibus
681 1338 890 1413 mythographi
924 1339 1032 1396 Graeci
1067 1341 1210 1415 pendent.
1258 1341 1513 1397 Fabularum

344 1447 449 1504 liber
479 1466 562 1504 non
593 1447 777 1521 epitome
811 1446 1057 1520 exemplaris
1083 1446 1241 1514 Latini,
1267 1447 1340 1504 sed
1374 1447 1514 1503 inter·

345 1555 526 1629 pretatio
560 1554 800 1628 exemplaris
834 1554 974 1610 Graeci
1008 1564 1073 1611 est.
1121 1555 1258 1612 Eundem
1283 1555 1395 1610 fontem
1420 1554 1514 1610 etiam

345 1661 429 1719 multi
452 1661 618 1737 graecismi,
644 1661 747 1735 quiin
779 1660 887 1717 fabulis
920 1672 1087 1729 occurrunt,
1114 1661 1255 1719 indicant.
1304 1660 1443 1734 Denique
1475 1680 1515 1718 ne

342 1769 451 1845 Julium
476 1768 628 1843 Hyginum
653 1770 875 1826 adulescentem
900 1769 1032 1825 libellum
1058 1769 1270 1843 conscripsisse
1304 1788 1370 1824 cum
1394 1771 1514 1826 'l‘euffe

345 1876 385 1932 lio
410 1876 487 1944 [hist.
513 1871 583 1934 litt.⁴
607 1876 626 1951 ξ
653 1879 723 1943 262.
745 1870 777 1956 7)
802 1884 947 1949 putemus,
973 1875 1087 1932 flosculi
1111 1876 1221 1950 poetici
1246 1876 1411 1950 impediunt
1429 1869 1453 1951 2)
1477 1895 1514 1933 ex

347 1982 448 2040 Ovidii
472 1983 754 2057 metamorphoseon
778 1981 860 2038 libris
884 1982 1020 2050 sublecti,
1041 2001 1114 2056 quos
1131 1982 1262 2056 genuino
1280 1983 1309 2039 in
1327 1983 1402 2038 libro
1421 1983 1515 2040 luisse

347 2091 438 2147 altera
462 2088 670 2164 disputationis
693 2098 775 2163 parte
800 2088 1001 2146 demonstrare
1025 2088 1208 2146 conabimur.

916 2377 941 2414 1.

570 2479 614 2546 no
639 2448 784 2546 diversis
808 2475 999 2546 fabularum
1026 2477 1295 2546 incensionibus.

452 2629 521 2683 Hoc
545 2627 632 2702 igitur
655 2626 740 2700 quasi
764 2626 892 2701 positum
917 2646 952 2683 ac
976 2644 1151 2683 concessum
1176 2627 1264 2683 nobis
1288 2627 1404 2683 videtur
1428 2628 1512 2684 fabu-

346 2736 390 2793 las
414 2755 431 2792 a
455 2734 598 2809 scriptore
621 2734 725 2790 aetatis
743 2735 912 2806 Augusteae
936 2733 1152 2790 abiudicandas
1178 2751 1260 2795 esse:
1287 2733 1310 2789 is
1336 2743 1444 2801 autem,
1464 2736 1512 2791 cui

347 2843 477 2916 singulas
501 2841 644 2898 sermonis
668 2840 833 2916 Hyginiani
866 2840 1070 2914 proprietates
1105 2858 1181 2914 quae
1214 2840 1252 2897 ab
1285 2841 1343 2896 hoc
1376 2851 1513 2914 tempore

348 2950 517 3015 abhorrent,
543 2949 659 3023 penitus
685 2966 866 3021 cognoscere
890 2947 920 3003 in
945 2947 1045 3004 animo
1070 2957 1122 3018 est,
1148 2946 1244 3022 ipsum
1269 2949 1295 3003 T
1298 2947 1471 3021 schiassuyi,
1488 2942 1513 3024 ³)

348 3057 398 3132 qui
423 3058 580 3132 plerasque
610 3055 769 3130 congessit,
796 3055 969 3129 opusculum
994 3053 1141 3128 inspiciat.
1187 3056 1253 3128 Jarn
1277 3073 1347 3111 vero
1372 3056 1511 3128 quaestio

347 3165 469 3233 exsistit,
494 3183 565 3221 num
589 3173 715 3238 tempus
741 3181 800 3237 quo
824 3163 990 3219 fabularum
1014 3161 1090 3220 liber
1119 3161 1224 3218 codice
1248 3161 1429 3235 Frisingensi
1453 3181 1511 3218 ser-

347 3284 430 3330 vatus
454 3271 635 3346 compositus
660 3271 706 3337 sit,
725 3270 811 3328 certis
829 3269 937 3327 finibus
962 3269 1204 3328 circumscribere
1221 3280 1249 3328 ct
1270 3268 1394 3326 definire
1410 3268 1511 3327 liceat.

347 3382 392 3437 Ac
416 3380 512 3454 primo
537 3379 657 3453 quidem
683 3378 787 3435 obtutu
812 3389 906 3436 certus
931 3377 1081 3450 terminus,
1099 3387 1273 3452 antequem
1291 3377 1512 3433 sabulaeortae

347 3487 414 3556 sint,
446 3487 576 3545 Pseudo·
607 3485 745 3543 Dosithei
777 3485 946 3543 testimonio
976 3485 1159 3559 suppeditari
1192 3485 1315 3552 videtur,
1349 3483 1399 3557 qui
1431 3501 1512 3539 anno

350 3612 407 3667 207
436 3613 467 3650 se
490 3593 696 3668 genealogiam
723 3592 836 3666 Hygini
860 3592 890 3649 in
915 3592 1063 3648 Graecum
1087 3592 1271 3649 transtulisse
1295 3591 1403 3648 diserte
1436 3590 1513 3646 iudi-

347 3712 404 3758 cat.
452 3701 510 3758 Sed
536 3719 716 3775 quamquam
741 3719 847 3773 parma,
873 3718 949 3774 (luae
972 3699 1060 3755 uobis
1083 3710 1199 3756 servata
1215 3708 1291 3766 sunt,
1310 3696 1512 3754 translationis

347 3809 512 3882 fragmenta
535 3810 840 3882 interpretiitirrannum
864 3806 947 3863 libris
976 3806 1085 3863 inserta
1116 3824 1183 3862 cum
1214 3805 1320 3862 fabulis
1351 3803 1513 3860 concinere

348 3916 502 3983 videntur,
537 3915 682 3974 nonnulla
716 3924 816 3972 tamen
851 3915 1021 3988 discrepare
1057 3913 1095 3970 ab
1129 3913 1193 3970 aliis
1232 3913 1418 3969 obseruatum
1456 3923 1510 3970 est.

460 4213 482 4282 ¹)
502 4215 579 4262 Betlre
598 4223 693 4278 quaest.
732 4214 839 4264 Diorlor.
859 4213 984 4276 mythogr.
1006 4229 1059 4275 cap.
1080 4211 1102 4258 V
1122 4228 1146 4274 p,
1162 4211 1195 4260 80
1215 4228 1288 4275 sqq,:
1308 4211 1340 4258 de
1359 4211 1513 4273 compendio

351 4306 469 4354 falurlaris
489 4305 605 4352 historiae
625 4305 740 4351 Diodoro
760 4303 908 4366 autiquiore.

456 4391 477 4460 ἓ>
497 4394 529 4442 cs.
550 4395 583 4441 G.
606 4395 634 4441 F.
660 4394 744 4456 Unger
773 4394 831 4441 abb.
853 4392 1061 4456 ‹l.pl1ilos.·lrist.
1094 4391 1176 4439 lrlasse
1209 4392 1234 4440 d.
1256 4393 1324 4454 bayr,
1356 4390 1430 4440 ahad,
1452 4391 1513 4438 xt'l

347 4486 438 4550 (1882)
463 4498 470 4532 r
494 4501 517 4547 p,
540 4497 600 4545 213.
623 4496 683 4541 214.

456 4572 477 4642 ⁸)
497 4576 539 4623 Est
558 4589 716 4638 programma
737 4573 930 4621 Hernalsianum
952 4573 1118 4621 Vindobooae
1137 4589 1204 4621 anno
1229 4571 1294 4620 1888
1314 4572 1472 4634 impressum.
