3136 5354
679 361 899 440 ...49-

197 569 254 632 est,
282 561 369 637 quod
393 560 519 619 Ovidius
544 554 582 642 (V.
610 560 681 638 649)
707 573 735 619 et
759 562 896 637 Hyginus
919 561 1006 636 primi
1022 557 1047 644 ¹)
1072 561 1147 620 inter
1169 572 1257 621 testes
1281 561 1369 619 nobis

198 679 339 727 servatos
363 669 418 726 tria
432 661 458 749 ²)
481 668 667 743 potissimum
701 669 782 726 mala
806 669 895 727 luisse
928 669 1056 738 tradunt,
1082 669 1190 744 quibus
1222 669 1369 744 cupiditas

198 778 366 834 Atalantae
389 775 574 834 excitaretur.

312 884 411 953 Rati0,
430 901 489 957 qua
513 882 542 938 in
567 883 624 939 hoc
644 883 742 957 capite
766 884 842 940 duae
866 882 998 940 eiusdem
1024 882 1142 940 fabulae
1164 883 1277 940 formae
1300 901 1369 940 con-

197 991 413 1066 iungebantur,
440 990 544 1047 iterum
576 989 705 1046 occurrit
734 989 764 1047 in
796 990 896 1065 capite
924 1006 993 1068 135,
1018 990 1101 1064 quod
1133 990 1170 1047 de
1194 992 1369 1047 Laocoonte

197 1108 256 1167 est,
278 1098 361 1172 quod
388 1097 510 1172 quidem
530 1096 711 1154 Schmidtius
735 1097 826 1171 praef.
851 1116 880 1171 p.
898 1098 984 1153 XXV
1008 1096 1047 1154 ab
1071 1097 1282 1172 interpolatore
1298 1098 1369 1153 Ver·

199 1205 269 1280 gilii
294 1215 324 1262 et
347 1203 448 1262 Ovidii
457 1201 491 1277 (1)
525 1203 658 1261 studioso
682 1203 823 1260 infersam
856 1222 920 1261 esse
954 1202 1089 1262 credidit.
1137 1205 1229 1261 Paulo
1263 1203 1369 1261 rectius

200 1311 358 1369 Robertus
373 1304 397 1389 ³)
421 1310 495 1368 vidit
518 1322 607 1385 caput
631 1329 647 1368 0
671 1310 786 1368 duabus
810 1311 942 1385 partibus
967 1310 1129 1368 conflatum
1153 1329 1227 1380 esse,
1245 1329 1369 1386 quarum

200 1438 265 1476 una
300 1418 434 1475 fabulam
468 1418 631 1475 secundum
661 1428 812 1475 auctorem
846 1417 996 1491 quendam
1021 1419 1169 1476 Graecum
1203 1427 1369 1475 enarratam

202 1525 339 1601 praebet,
375 1525 467 1582 altera
498 1525 591 1598 magis
626 1525 664 1582 ad
687 1525 840 1582 Aeneidos
871 1525 977 1582 librum
1002 1527 1031 1581 ll
1064 1524 1292 1582 accommodata
1316 1534 1368 1585 est.

200 1632 333 1690 Roberti
357 1631 529 1698 sententiae,
548 1632 600 1706 qui
624 1632 687 1706 ipse
712 1650 831 1706 quoque
856 1633 934 1689 hanc
958 1633 1080 1690 alteram
1103 1640 1217 1706 partem
1241 1631 1369 1706 spuriam

202 1758 272 1797 esse
295 1739 418 1811 censuit,
453 1735 662 1814 Foersterus4)
695 1739 862 1813 nuperrime
895 1738 1080 1814 repugnavit.
1129 1738 1191 1810 Qui
1223 1757 1290 1796 cum
1322 1756 1369 1796 me

199 1847 305 1904 iudice
339 1846 544 1920 quaestionem
581 1844 619 1903 ad
650 1847 740 1904 tinem
775 1846 939 1915 adduxerit,
964 1865 1061 1921 pauca
1094 1855 1177 1903 erunt
1209 1845 1369 1903 monenda.

201 1955 260 2011 llle
294 1952 419 2010 offendit
451 1953 482 2009 in
505 1953 602 2010 verbis
626 1961 696 2010 rarle
725 1954 820 2010 ductus
843 1961 876 2010 ut
905 1972 1016 2010 sucrum
1039 1955 1151 2028 flueret
1170 1953 1300 2028 Mptrrrra
1333 1953 1375 2009 ad

200 2061 283 2117 littus
300 2078 336 2117 ex
353 2061 428 2118 Aen.
448 2062 485 2130 ll,
506 2080 562 2117 201
584 2060 777 2135 depromptis,
797 2079 863 2117 cum
889 2061 1139 2118 constructionem
1157 2060 1369 2135 interrumpant

202 2185 308 2241 neque
325 2177 424 2242 aptam
449 2167 643 2225 rotundamre
661 2185 725 2224 esse
749 2155 855 2225 sinant.
904 2168 964 2226 Sed
980 2167 1050 2225 licet
1072 2168 1151 2224 hunc
1168 2186 1252 2224 usum
1276 2167 1371 2224 nomi·

151 2290 153 2297 ·
200 2274 300 2332 nativi
317 2274 445 2331 absoluti
469 2292 521 2349 per
540 2275 710 2333 anacoluthi
728 2276 850 2349 figuram
866 2275 956 2350 positi
972 2294 1061 2350 supra
1085 2294 1102 2332 a
1119 2274 1249 2350 genuino
1274 2293 1369 2332 exem-

201 2381 283 2457 plari
308 2380 480 2455 Hyginiano
505 2381 781 2449 abiudicaverimuS,
806 2390 885 2440 certe
915 2381 946 2438 in
978 2381 1100 2439 dubium
1131 2381 1232 2439 vocari
1262 2390 1368 2456 potest,

202 2499 305 2546 utrum
320 2487 411 2545 verba
428 2507 445 2545 a
468 2498 587 2546 nostrae
603 2487 783 2546 recensionis
809 2498 928 2546 auctore
945 2489 1124 2564 interpolata
1140 2508 1177 2547 an
1195 2489 1369 2558 abeodem,

203 2614 276 2653 cum
299 2604 392 2652 totum
416 2605 505 2670 caput
528 2595 557 2652 in
582 2595 746 2653 breviorem
783 2596 907 2653 formam
936 2596 1090 2671 redigeret,
1116 2596 1197 2671 quod
1221 2596 1369 2654 Robertus
1451 2599 1454 2604 ’

204 2721 328 2779 quoque
355 2704 522 2761 concedere
545 2703 670 2773 videtur,
696 2703 808 2761 laxiore
841 2703 972 2778 quodam
1006 2704 1125 2760 vinculo
1156 2722 1223 2760 cum
1256 2703 1371 2778 reliqua

204 2809 412 2870 enuntiatione
436 2810 596 2868 coniuncta
626 2811 692 2868 sint.
740 2812 910 2868 Formulam
943 2820 1095 2885 praeterea
1127 2812 1261 2868 occasione
1291 2810 1369 2879 duta,

204 2935 299 2993 quam
322 2927 388 2992 post
412 2917 486 2974 illud
508 2917 696 2992 participium
720 2938 738 2975 a
762 2918 978 2993 mythographo
1002 2927 1171 2992 usurpatam
1195 2936 1258 2975 esse
1282 2935 1370 2992 posse

205 3025 291 3082 idem
314 3025 357 3081 vir
380 3024 486 3082 doctus
509 3036 608 3100 negat,
633 3025 744 3082 nullam
779 3025 921 3100 praebere
944 3025 1159 3094 difficultatem,
1184 3025 1275 3081 immo
1299 3042 1369 3081 vero

152 3188 155 3193 .
204 3126 392 3207 aptissimam
427 3149 491 3189 csse
521 3134 691 3190 Foersterus
725 3133 838 3190 monuit
897 3132 957 3190 Sed
989 3142 1050 3188 utut
1084 3143 1136 3203 est,
1171 3131 1369 3188 firmissimum

204 3248 252 3297 est
268 3238 307 3295 (10
329 3239 406 3296 exitu
423 3240 542 3296 fabulae
566 3238 716 3308 iudicium,
736 3257 823 3313 quem
849 3257 983 3295 curcum
1008 3238 1140 3296 Roberto
1157 3235 1366 3311 interpolatum

205 3356 237 3405 et
261 3346 425 3421 eVergilio
449 3366 502 3421 pro
519 3346 615 3404 verbis
639 3346 776 3419 genuinis
799 3346 911 3403 illatum
936 3365 1000 3404 esse
1018 3363 1225 3419 agnoscamus,
1243 3344 1366 3402 omnino

203 3472 270 3510 non
305 3463 355 3512 est.
404 3453 505 3526 Quid?
539 3454 620 3529 quod
655 3453 719 3527 ipse
751 3454 900 3511 Robertus
914 3447 936 3532 5)
967 3453 1106 3511 concedit
1137 3452 1369 3527 discrepantiam

207 3648 527 3656 ————.—-———

316 3751 695 3820 1>εε1101.’1’110001.11,120,
728 3753 795 3818 quod
815 3753 936 3802 Philetam
965 3753 1024 3821 (frg.
1049 3764 1077 3816 15
1098 3750 1176 3822 Bach)
1205 3752 1297 3818 laudat¹
1319 3767 1369 3800 cer·

203 3853 259 3893 tum
276 3859 401 3892 numerum
422 3860 471 3890 non
488 3851 679 3900 commemorat;
698 3843 730 3890 cf.
746 3843 854 3890 Theocr.
876 3844 920 3902 lll,
935 3857 965 3902 41
983 3842 1049 3909 (cum
1063 3840 1165 3910 schol),
1182 3842 1273 3891 Catull.
1290 3855 1313 3900 2,
1331 3855 1369 3894 12.

315 3929 748 3997 ς1(10110011111110101001110001.
771 3932 841 3980 Kchr
859 3933 890 3981 de
919 3941 1054 3996 poetarum,
1088 3932 1130 3996 qui
1159 3939 1216 3980 sunt
1243 3932 1268 3979 in
1290 3931 1368 3979 Anth.

207 4022 280 4077 Pan,
303 4023 367 4071 stud.
389 4024 496 4071 Theocr.
519 4040 543 4085 p.
567 4033 598 4085 25
619 4039 645 4070 n.
666 4022 696 4079 6;
720 4022 787 4070 idern
807 4030 902 4086 quaest.
923 4023 1012 4086 magio.
1032 4038 1100 4086 spec.
1116 4037 1141 4084 p.
1166 4031 1205 4084 15.

315 4109 591 4177 8)1)11(11111(1110(1ῃ,
616 4123 664 4170 104
683 4127 752 4174 sqq.:
785 4127 834 4174 quo
853 4112 909 4159 loco
928 4128 966 4167 ea,
998 4126 1062 4174 quae
1093 4119 1193 4174 poetam
1221 4109 1370 4177 respiciunt,

205 4200 347 4250 Schmidtio
366 4211 499 4264 praeeunte
519 4201 610 4249 collata
628 4208 693 4249 sunt.

315 4287 378 4355 4)111
399 4291 459 4340 actis
479 4290 663 4354 philologorum
683 4297 817 4338 conventus
838 4289 999 4338 Gorlicensis.

316 4376 337 4446 Β)
358 4379 426 4427 Dicit
446 4380 476 4427 (10
496 4380 666 4428 enuntiatione
686 4396 715 4427 ex
736 4381 799 4427 Aen.
820 4380 855 4446 11,
874 4378 923 4428 216
943 4380 1098 4442 deprompta,
1127 4395 1190 4442 quae
1219 4385 1314 4441 partem
1332 4393 1372 4442 ge-

208 4466 313 4518 nuinam
333 4485 347 4518 a
365 4468 476 4517 Roberto
496 4477 613 4518 statutam
632 4469 755 4533 sequitur:
788 4469 908 4532 quibus
927 4469 1088 4517 Laocoon
1107 4484 1176 4517 cum
1204 4466 1372 4517 auxilium

218 4559 425 4628 errevellet,
447 4553 553 4624 ipsum
573 4576 711 4625 quoque
742 4574 864 4609 nexum
893 4558 1145 4609 necaveruntl.
1166 4557 1184 4607 1.
1206 4572 1234 4622 p.
1260 4557 1324 4621 196:
1347 4573 1373 4610 es
