3136 5354
670 384 889 428 ...21-

190 566 364 629 huiusmodi
388 566 593 629 additamenta
616 574 713 628 aetate
737 565 789 626 illa
812 564 972 642 singularia
995 563 1223 643 fabularumque
1249 561 1361 626 librum

191 679 338 755 paulatim
378 677 413 735 iis
452 676 635 752 temporibus
678 674 829 734 oblivione
875 676 1012 734 obrutum
1058 694 1121 734 esse
1168 675 1362 734 iudicandum

193 797 244 856 est,
271 788 382 860 quibus
399 787 607 862 mythographi
624 785 762 844 Vaticani
780 785 960 861 compendia
984 785 1214 843 conscribebant
1238 793 1267 843 et
1283 784 1363 842 fabu-

192 896 474 954 larumGraecarum
484 895 553 953 loco
564 904 736 969 argumenta
748 894 889 952 escholiis
900 893 1158 968 Latinisexcerpta
1167 891 1362 968 praebebant.

192 1003 300 1077 Neque
324 1003 446 1061 difficile
462 1012 506 1060 est
529 1019 721 1077 cognoscere,
740 1019 800 1076 qua
817 1001 931 1058 ratione
948 1019 1045 1075 quove
1063 999 1188 1058 consilio
1206 1019 1252 1072 ea,
1271 1018 1361 1074 quam

191 1129 247 1167 nos
279 1110 435 1180 habemus,
455 1109 591 1167 recensio
608 1110 747 1167 confecta
762 1109 807 1165 sit.
849 1110 871 1165 F
875 1109 978 1166 abulas
1003 1108 1170 1165 scholarum
1188 1107 1252 1165 usui
1276 1107 1363 1165 desti-

192 1228 278 1275 natas
304 1217 394 1275 fuisse
418 1216 446 1274 et
470 1216 562 1273 libelli
587 1215 743 1290 dispositio
768 1225 796 1273 et
813 1215 949 1272 Dosithei
973 1214 1174 1273 testimonium
1190 1215 1288 1273 docet.
1337 1216 1363 1270 A

192 1324 367 1400 magistellis
392 1323 479 1399 igitur
503 1323 610 1380 librum
635 1322 673 1380 ad
698 1321 912 1378 institutionem
936 1321 1079 1396 puerilem
1102 1332 1310 1396 praeparatum
1335 1332 1363 1379 et

191 1432 370 1490 instructum
402 1449 467 1488 esse
491 1441 582 1505 patet,
617 1429 664 1486 cui
688 1430 749 1486 fato
783 1429 883 1485 omnia
907 1427 1073 1486 enchiridia
1089 1428 1293 1503 mythologica
1310 1430 1366 1501 ob<

190 1539 285 1596 noxia
310 1539 400 1596 fuisse
424 1547 503 1596 recte
527 1537 647 1594 Bethius
671 1545 784 1610 (praest.
834 1536 922 1593 Diod.
966 1555 995 1610 p.
1031 1539 1070 1610 98
1102 1545 1211 1593 monet.
1259 1537 1364 1611 Itaque

191 1645 347 1706 evanescit
380 1656 408 1703 et
445 1645 484 1703 ad
519 1644 643 1702 nihilum
679 1663 774 1719 paene
810 1644 951 1719 redigitur
978 1643 1106 1701 formido
1146 1643 1364 1718 interpolatoris

190 1754 275 1812 istius
300 1752 430 1829 protervi
461 1762 490 1810 et
518 1752 665 1818 malevoli,
700 1771 777 1825 quae
812 1751 939 1808 virorum
972 1751 1137 1818 doctorum,
1173 1750 1224 1825 qui
1257 1751 1364 1810 fabulis

190 1880 317 1938 operam
334 1861 489 1930 dederunt,
507 1879 578 1916 crux
594 1869 645 1917 est.
680 1859 811 1916 Maxime
829 1859 928 1915 titulus
947 1858 1012 1915 libri
1042 1857 1198 1944 mutationi
1215 1859 1364 1933 expositus

190 1979 254 2027 erat
272 1978 302 2025 et
317 1966 475 2042 dispositio
488 1967 662 2023 fabularum.
699 1966 867 2039 Gerreulogr'a
884 1965 946 2023 sive
962 1965 1148 2037 Genealqgiae
1163 1976 1224 2021 tum
1237 1966 1366 2023 Fabulae

189 2075 440 2152 appellabantur:
466 2073 606 2131 librorum
631 2073 718 2130 trium
743 2073 803 2131 sive
832 2074 967 2143 duorum,
999 2092 1074 2148 quos
1107 2073 1238 2147 genuina
1269 2075 1365 2131 forma

190 2183 369 2259 praebebat,
386 2177 408 2266 ¹)
441 2180 586 2239 memoria
620 2181 855 2250 oblitterabatur,
888 2181 1028 2256 pristinus
1052 2180 1182 2256 capitum
1207 2180 1282 2238 ordo
1307 2180 1363 2239 dis-

190 2290 378 2350 turbabatur.

298 2398 363 2454 Iam
388 2396 433 2465 iis,
458 2396 509 2470 qui
533 2395 700 2471 integrioris
724 2394 907 2454 recensionis
931 2396 1055 2471 vestigia
1078 2407 1276 2466 servaverunt,
1305 2398 1364 2455 duo

191 2505 426 2563 adnumerentur
449 2512 575 2579 oportet,
601 2502 716 2560 indices
740 2503 847 2560 fabulis
872 2502 966 2562 additi
991 2514 1019 2561 et
1043 2504 1141 2579 capita
1157 2505 1364 2580 genealogica,

190 2630 269 2687 quae
302 2610 424 2687 proprie
462 2610 607 2670 dicuntur.
654 2611 725 2667 Illos
757 2629 821 2668 esse
853 2609 1000 2684 genuinos
1033 2611 1194 2670 Dositheus
1238 2613 1365 2687 probare

187 2719 318 2786 videtur,
346 2719 397 2793 qui
415 2728 503 2793 caput
527 2725 601 2796 περὶ
624 2717 748 2798 τεχνῶν
772 2711 925 2801 εὑρέσεως
943 2711 1027 2797 (274.
1056 2719 1131 2796 277)
1155 2719 1185 2777 in
1203 2720 1365 2794 exemplari

187 2845 244 2884 suo
269 2826 393 2885 invenit.
410 2819 432 2903 2)
487 2826 552 2883 Nec
576 2825 646 2883 licet
668 2844 734 2882 cunr
754 2825 898 2882 Bursiauo
922 2826 996 2883 haec
1020 2826 1119 2901 capita
1143 2837 1172 2884 et
1196 2827 1264 2897 alia,
1289 2846 1366 2903 quae

187 2933 355 3010 propinqui
374 2943 442 2991 sunt
455 2932 629 3008 argumenti,
648 2951 701 3008 pro
726 2932 862 3007 genuinis
887 2932 1008 3002 habere,
1026 2943 1124 2991 cetera
1149 2934 1267 2992 reicere.
1296 2937 1364 2992 Bur-

187 3041 290 3100 sianus
314 3041 387 3099 ideo
403 3040 433 3097 in
457 3041 536 3098 hanc
553 3039 731 3098 sententiam
755 3039 871 3098 videtur
888 3039 1058 3109 inclinasse,
1086 3042 1168 3115 quod
1192 3041 1234 3098 illi
1251 3042 1365 3100 iudices

188 3169 235 3209 res
260 3149 291 3207 in
307 3148 417 3208 fabulis
434 3148 568 3207 nondum
586 3158 834 3206 commemoratas
852 3149 986 3215 afferunt,
1004 3147 1034 3204 hi
1047 3166 1127 3218 ver0,
1147 3154 1365 3224 ‘quaecumque

191 3257 285 3332 partis
314 3255 521 3314 antecedentis
552 3254 726 3313 historiolae
759 3255 929 3313 communia
961 3255 1081 3325 habent,
1107 3256 1366 3331 comprehendunt

190 3365 363 3439 iterumque
388 3363 549 3422 memoriae
577 3363 725 3422 inculcare
750 3364 889 3423 student!
906 3357 930 3443 ³)
976 3365 1063 3421 Haec
1079 3373 1179 3421 tamen
1207 3364 1281 3422 ratio
1303 3383 1364 3422 non

192 3472 280 3546 plane
305 3472 337 3529 in
371 3479 530 3546 utramque
561 3482 675 3547 partem
700 3471 789 3541 cadit,
824 3490 891 3528 cum
916 3470 1005 3530 etiam
1036 3470 1066 3529 in
1091 3470 1248 3546 capitibus
1287 3490 1364 3546 quae

196 3579 358 3637 Bursianus
383 3577 414 3635 in
442 3577 642 3654 suspicionem
667 3579 793 3647 vocavit,
819 3581 911 3636 multa
934 3578 1132 3650 inveniantur,
1158 3597 1235 3654 quae
1259 3579 1298 3637 ad
1323 3579 1364 3637 ia·

198 3687 280 3745 bulas
304 3686 408 3745 referri
431 3705 493 3743 non
516 3686 640 3762 possint.
688 3689 792 3762 Itaque
809 3686 974 3744 Schmidtio
996 3686 1131 3744 assentiri
1148 3703 1276 3760 neque0,
1303 3685 1363 3760 qui,

198 3812 261 3851 cum
283 3803 363 3853 recte
387 3804 511 3852 cunctos
544 3793 658 3852 indices
682 3793 805 3868 Hygino
839 3794 958 3861 tribuat,
993 3793 1095 3851 omnia
1128 3794 1198 3863 fere,
1233 3811 1310 3868 quae
1334 3793 1364 3849 hi

201 3911 439 3971 commemorant,
465 3901 518 3960 sed
542 3902 661 3960 fabulae
685 3901 833 3970 omittunt,
859 3900 930 3958 olim
959 3899 990 3958 in
1023 3900 1219 3959 antecedente
1243 3918 1365 3975 quoque

204 4094 514 4105 -———--—-—-—

302 4199 321 4269 ¹)
340 4211 434 4252 astron.
455 4202 479 4249 11
502 4215 547 4250 12:
570 4201 602 4249 in
629 4199 736 4264 primo
766 4201 856 4250 libro
876 4200 1174 4263 Genealogiarum.
1212 4200 1319 4248 Primum
1340 4205 1365 4247 et

213 4291 300 4351 priorem
318 4295 350 4341 ab
369 4292 473 4356 Hygino
492 4308 543 4341 non
563 4290 656 4340 secerni
675 4290 808 4339 Bursiauus
828 4298 920 4346 monet,
944 4290 976 4338 cf.
997 4290 1148 4354 Tschiassny
1169 4307 1194 4354 p,
1218 4299 1257 4352 15.

303 4380 321 4449 ¹)
340 4382 528 4432 Cassiodorium
555 4399 654 4447 quoque
683 4381 708 4429 iu
736 4381 865 4428 Variarum
891 4381 962 4444 libris
991 4381 1017 4428 id
1046 4381 1189 4429 adhibuisse
1215 4379 1363 4432 Kuaackius

221 4467 283 4519 docuit
299 4473 383 4523 Herm.
404 4473 475 4540 XVI,
495 4489 521 4537 p,
542 4473 592 4537 586
611 4489 666 4537 sqq.

304 4556 322 4628 ¹)
340 4561 454 4617 Schmidt
473 4561 554 4629 praei.
577 4578 602 4627 p.
626 4561 754 4621 xxvt11;
777 4561 881 4610 Bursian
901 4560 919 4610 l.
941 4560 959 4610 l.
981 4577 1006 4624 p.
1030 4561 1089 4628 781.

661 4656 745 4692 2--
770 4643 781 4659 f
