3136 5354
77 1378 140 1458 Do
168 1373 423 1458 recensione
452 1372 724 1474 fabularum,
754 1394 865 1473 qnae
895 1374 1040 1457 estin
1069 1357 1217 1454 codiee

504 1517 792 1618 misingensi.

172 1739 254 1811 Quot
284 1737 382 1794 adbuc
419 1737 472 1794 riri
505 1736 588 1795 docti
621 1737 659 1796 de
683 1737 797 1813 Hygini
828 1736 936 1796 fabulis
969 1735 1160 1811 scripserunt,
1187 1746 1232 1794 tot

63 1849 125 1904 fere
149 1844 310 1903 sententias
334 1844 372 1901 de
396 1863 497 1901 earum
523 1854 619 1901 aetate
644 1855 673 1902 et
697 1845 811 1920 origine
828 1845 1019 1920 protulenrnt.
1068 1845 1155 1902 Nunc
1172 1845 1233 1919 qui-

63 1955 132 2010 dem
157 1963 224 2027 post
258 1951 448 2008 llursiani
465 1947 489 2026 ¹)
522 1951 753 2025 disputationem
787 1953 970 2026 exploratum
996 1952 1111 2009 videtur
1140 1952 1233 2008 libelli

67 2071 218 2117 auctorem
243 2079 260 2116 a
285 2059 318 2117 C.
342 2059 422 2132 Julio
450 2058 574 2133 Hygino
591 2059 717 2134 Augusti
740 2058 970 2116 bibliothecario
987 2060 1133 2118 diversum
1159 2077 1231 2117 esse.

63 2168 155 2224 Cuius
180 2167 356 2223 sententiam
382 2167 431 2223 alii
448 2165 632 2239 grauioribus
650 2166 830 2240 argumentis
848 2168 1128 2242 comprobaverunt.
1169 2157 1233 2222 Viri

66 2275 159 2341 docti,
177 2268 203 2354 2)
227 2274 277 2347 qui
302 2274 340 2330 de
365 2273 572 2330 catasterismis
596 2274 960 2332 Pseudo-Eratosthenicis
985 2283 1117 2349 egerunt,
1135 2275 1232 2351 sontes

65 2381 278 2449 astronomiae,
304 2399 382 2454 quae
406 2381 443 2436 ab
468 2382 576 2438 eodem
600 2381 743 2456 scriptore
768 2383 902 2456 profecta
925 2400 990 2439 esse
1014 2382 1138 2450 videtur,
1164 2390 1233 2438 ante

63 2490 186 2545 alterum
212 2508 239 2562 p.
265 2488 334 2544 Chr.
362 2507 389 2548 n.
416 2489 566 2545 saeculum
591 2489 776 2564 conscriptos
793 2507 857 2546 esse
874 2503 935 2546 non
955 2507 1043 2562 posse
1059 2498 1231 2546 statuerunt.

66 2595 216 2669 Equidem
252 2595 333 2651 haud
369 2594 475 2668 ignoro
511 2615 529 2652 a
564 2595 714 2653 nonnullis
750 2595 915 2653 fabularum
955 2605 1107 2653 auctorem
1143 2605 1232 2669 atque

63 2702 264 2759 astronomiae
289 2701 417 2758 eundem
441 2721 506 2759 esse
531 2703 650 2777 negari:
676 2722 712 2760 ea
735 2722 805 2760 vero
829 2712 1012 2778 argumenta,
1037 2721 1112 2776 quae
1129 2700 1232 2759 'l'schi-

62 2829 186 2884 assnyus
211 2809 287 2867 stud.
313 2811 392 2884 Hyg.
418 2829 446 2884 p.
475 2828 487 2882 7
515 2812 608 2880 affert,
634 2821 665 2867 ut
688 2810 838 2885 utriusque
862 2809 956 2868 libelli
992 2810 1165 2885 scriptorem
1191 2809 1232 2867 di-

64 2935 181 2972 versum
215 2934 280 2972 esse
314 2916 514 2986 demonstret,
549 2937 626 2975 vana
659 2937 723 2976 esse
753 2918 876 2975 BuntIus
912 2926 940 2975 et
973 2919 1192 2975 Koussrnannus
1208 2911 1230 3002 3)

65 3024 235 3080 ostendunt.
284 3023 360 3079 Nam
384 3024 466 3097 quod
491 3025 539 3081 ille
563 3025 738 3100 particulam
772 3027 866 3082 rtatim
895 3025 925 3080 in
958 3024 1066 3082 fabulis
1092 3044 1152 3082 non
1189 3025 1232 3081 in-

66 3131 170 3203 renin,
196 3129 225 3185 in
249 3131 431 3187 astronomia
455 3131 630 3206 saepissime
654 3133 787 3207 usurpari
811 3132 893 3201 dicit,
918 3133 1109 3190 vehementer
1137 3142 1230 3205 enat;

63 3238 170 3311 legitur
206 3238 284 3294 enim
320 3238 350 3294 in
385 3239 493 3296 fabulis
530 3243 569 3313 36
604 3238 645 3314 (p.
672 3242 779 3312 67,18
815 3234 927 3321 Schm.)
963 3249 992 3296 et
1025 3254 1062 3313 45
1090 3238 1231 3318 (71‚10).

64 3345 261 3402 (lrarioribns
279 3346 366 3420 igitur
380 3346 561 3419 argumentis
579 3366 653 3422 opus
678 3347 740 3417 erit,
758 3357 790 3403 ut
814 3365 994 3404 eonsensum
1011 3346 1087 3404 inter
1104 3348 1232 3406 Pseudo-

63 3453 251 3520 Ilositlreum,
278 3453 328 3527 qui
354 3452 461 3510 librum
484 3465 617 3512 nostrum
641 3454 856 3533 γενεαλογίαν
880 3455 1021 3528 appellat,
1048 3465 1076 3512 et
1100 3465 1232 3512 astrono-

62 3559 141 3616 miae
166 3560 351 3634 scriptorem,
378 3561 429 3634 qui
453 3561 580 3636 primum
600 3563 829 3633 gerreulngiarrmr
852 3560 960 3617 librum
985 3562 1085 3618 laudat
1112 3556 1230 3644 (1112),

62 3684 133 3722 casu
158 3686 193 3723 ac
217 3668 336 3724 fortuito
360 3668 470 3724 lactum
494 3687 558 3726 esse
582 3669 747 3726 credamus.

170 3775 301 3832 Altennn
320 3786 536 3849 argumentum,
555 3794 615 3850 quo
640 3776 756 3833 fabulas
779 3776 817 3833 ab
835 3775 958 3851 Hygino
974 3777 1127 3850 Augusteo
1151 3776 1232 3834 abiu·

62 3881 209 3938 dicandas
233 3902 297 3940 esse
323 3883 472 3957 probetur,
498 3883 537 3940 ad
562 3883 763 3941 elocutionem
787 3883 931 3958 pertinet:
958 3902 1048 3958 quarn
1073 3885 1111 3941 ab
1136 3893 1231 3941 aetate

177 4178 198 4244 ¹)
218 4181 374 4230 Fleckeisen.
397 4182 482 4230 annal.
504 4182 566 4244 phil.
588 4181 682 4239 XCIII,
705 4199 731 4246 p.
755 4183 803 4244 763
823 4199 879 4247 sqq.

177 4266 197 4334 2)
218 4271 310 4318 Robert
331 4272 459 4319 Eratostb.
487 4279 576 4320 catast.
605 4273 660 4320 rell.
682 4288 708 4336 p.
730 4282 774 4335 35.
796 4273 861 4334 236;
886 4273 968 4320 Maass
995 4272 1072 4320 anall.
1094 4272 1223 4321 Eratosth.

65 4359 203 4424 (philolog.
225 4370 317 4408 muers,
341 4360 394 4427 VI),
418 4361 485 4409 idem
504 4362 592 4410 Herm.
614 4363 684 4421 XIX,
708 4379 733 4425 p.
759 4363 806 4410 116
826 4379 852 4410 n.
878 4375 900 4410 1.

169 4447 189 4513 ³)
207 4452 288 4499 Bunte
317 4451 508 4499 woclrensclrrist
537 4451 554 4500 f.
585 4452 659 4503 klass.
684 4451 746 4514 phil,
766 4453 801 4499 VI
824 4451 889 4512 1889
916 4467 941 4514 p.
967 4464 1024 4510 124.
1057 4460 1117 4514 125;
1141 4452 1232 4501 Kauff·

63 4556 142 4588 mann
163 4540 255 4586 Berlin.
277 4540 338 4602 phil.
359 4540 551 4588 wochenschrilt
570 4541 606 4588 IX
630 4541 697 4602 1889
717 4557 742 4604 p.
768 4551 844 4603 1529.

1024 4626 1033 4661 Ι
