3120 5354
834 245 1126 349 --34-1

363 435 499 505 υοιυτοῖυ
528 445 669 528 ἱστορίας
704 441 946 530 προσθήσομεν.
994 441 1093 517 Quid?
1131 442 1213 518 quod
1235 441 1383 517 Hyginus
1410 444 1520 513 Aeetae,

362 568 450 624 quem
486 550 565 626 apud
589 552 746 610 Pacuvium
770 552 808 611 ad
833 562 994 611 extremum
1029 551 1080 608 diu
1105 570 1171 607 cum
1194 550 1304 608 Medea
1344 551 1535 608 collocutum.

362 675 425 716 esse
461 658 567 716 Cicero
603 661 690 717 Tusc.
716 661 1082 734 11112.261V32.69
1121 650 1271 738 (Ribbeck
1295 677 1326 732 p.
1357 677 1423 732 323
1451 658 1519 736 sqq.)

361 765 459 836 tradit,
486 785 523 824 ne
548 765 729 824 mentionem
763 766 884 841 quidem
919 765 998 824 facit.
1046 765 1130 823 Idem
1154 765 1192 823 de
1226 763 1325 840 capite
1358 785 1421 840 109
1459 765 1521 823 iudi·

360 872 490 930 candum
525 891 589 931 esse
624 891 742 930 censeo
790 873 867 930 Nam
892 883 921 930 et
955 871 1104 930 canticum
1138 871 1271 946 Deiphili
1306 873 1433 942 mortui,
1470 891 1519 948 quo

360 980 508 1038 cumulum
532 980 704 1054 tragoediae
728 981 848 1037 allatum
873 998 937 1038 esse
973 989 1085 1037 veteres
1120 989 1269 1048 testantur,
1295 989 1324 1036 et
1350 998 1412 1051 res,
1452 998 1519 1056 quae

359 1086 389 1143 in
413 1097 543 1145 extrema
566 1088 685 1146 fabulae
708 1097 792 1163 parte
815 1087 1132 1156 commemorabantur,
1147 1081 1169 1169 ¹)
1194 1086 1422 1162 mythographo
1447 1086 1519 1164 igno

359 1203 406 1251 tae
429 1205 504 1253 sunt.
553 1195 612 1253 Cur
635 1204 732 1253 autem
756 1213 800 1265 ea,
826 1212 902 1269 quae
926 1194 956 1250 in
980 1194 1077 1269 capite
1105 1196 1163 1252 106
1188 1194 1317 1251 lactaris
1340 1195 1422 1268 lytra
1458 1214 1518 1253 cum

359 1301 509 1375 Aeschylo
533 1303 714 1360 conveniunt
737 1312 766 1360 et
789 1320 856 1359 cum
881 1301 980 1359 Ennio
1004 1301 1164 1360 convenire
1195 1301 1342 1374 videntur,
1372 1320 1390 1360 e
1425 1300 1518 1360 fabula

357 1408 493 1466 Enniana
510 1407 627 1467 fluxisse
642 1401 665 1485 2)
682 1419 826 1484 oporteat,
843 1427 905 1466 non
922 1408 1019 1466 video.
1067 1408 1098 1466 Si
1118 1408 1248 1483 pendere
1264 1408 1516 1486 mythographum

299 1593 304 1601 .
359 1515 516 1591 etragicis
540 1525 667 1574 statuere
690 1516 721 1572 in
745 1516 845 1574 animo
869 1525 921 1586 est,
957 1515 1133 1573 elocutionis
1169 1533 1348 1574 consensum
1388 1515 1519 1592 indagari

356 1640 481 1680 necesse
505 1635 557 1682 est.
605 1623 696 1680 Cuius
719 1641 810 1680 unum
841 1624 1008 1698 exemplum
1040 1622 1187 1681 invenisse
1211 1622 1402 1680 Ribbeckius
1427 1642 1458 1699 p.
1483 1625 1515 1680 82

354 1745 382 1789 n.
413 1732 449 1787 16
475 1730 532 1789 sibi
555 1730 679 1801 videtur,
704 1749 771 1788 cum
786 1732 979 1806 fragmentum
999 1730 1057 1790 inc.
1075 1730 1133 1790 inc.
1151 1730 1211 1787 fab.
1228 1732 1256 1786 V
1272 1723 1352 1811 (Cic.
1373 1730 1415 1788 de
1432 1730 1516 1788 divin.

353 1838 368 1894 1
384 1856 432 1894 ar.
448 1831 511 1921 42),
528 1839 610 1912 quod
622 1839 794 1896 Alexandro
811 1838 947 1895 Enniano
966 1837 1154 1896 tribuendum
1171 1856 1236 1896 esse
1253 1838 1382 1908 videtur,
1401 1857 1470 1896 cum
1483 1839 1516 1896 la·

354 1945 425 2002 bula
439 1965 475 2020 qr
491 1956 684 2021 compararet.
703 1947 742 2002 At
752 1946 776 2003 si
787 1964 831 2015 ea,
845 1963 922 2020 quae
932 1945 1061 2020 protulit,
1074 1945 1162 2003 etiam
1173 1963 1240 2002 cuni
1251 1944 1438 2020 Apollodori
1450 1945 1515 2003 bibl.

354 2053 398 2108 ΠΙ
419 2072 465 2110 12.
487 2068 501 2127 5
521 2054 716 2122 conferemus
735 2052 841 2111 eodem
858 2054 993 2129 profecto
1009 2052 1071 2111 iure
1088 2053 1220 2111 dicemus
1237 2052 1447 2112 narrationem
1462 2055 1517 2127 Hy·

252 2231 260 2245 .
352 2159 413 2235 gini
428 2177 464 2218 ex
478 2160 584 2218 eadem
597 2159 763 2236 hypothesi,
778 2178 867 2235 quarn
879 2160 1081 2235 Apollodoms
1096 2159 1236 2234 sequitur,
1253 2160 1433 2218 translatam
1447 2177 1515 2219 esse.

565 2268 619 2343 frg.
645 2278 718 2343 trag.
1184 2268 1263 2341 Hyg.

396 2381 486 2432 matter
502 2377 627 2447 graaada
644 2383 748 2451 pdrere
767 2395 794 2432 se
809 2377 906 2433 arden·
997 2393 1072 2432 uxor
1082 2376 1139 2431 eius
1142 2385 1307 2451 praegnans
1315 2367 1340 2451 3)
1353 2377 1366 2430 i
1370 2395 1390 2432 n
1404 2376 1487 2450 quie
1493 2381 1517 2432 te

352 2487 404 2538 tam
419 2482 514 2556 facem
538 2485 599 2540 visa
623 2485 713 2540 estin
735 2484 909 2541 sorarnisHl·
955 2482 1062 2539 vidit
1093 2501 1127 2538 se
1153 2482 1279 2556 facem
1315 2483 1515 2540 ardentem

350 2588 428 2644 cuba.
944 2597 1100 2663 parere.

1150 2677 1292 2753 Apollod.

999 2785 1146 2871 δευτέρου
1170 2783 1423 2864 degravantur
1452 2785 1516 2868 pat·

952 2893 1062 2967 λοντος
1085 2893 1222 2974 βρέφους
1238 2887 1378 2966 ἔδοξεν
1394 2888 1516 2977 Ἑκάβη

952 3004 1047 3063 καθ’
1072 2989 1188 3085 ὕπαρ
1216 2992 1357 3063 datia
1380 3016 1516 3066 τεκεῑυ

952 3105 1185 3193 ὄιάπυρου

1180 3216 1259 3290 Hyg.

394 3340 454 3382 ουοτ
471 3331 525 3381 asse
540 3325 654 3381 exitium
677 3323 786 3392 Troiae,
804 3329 906 3397 pastam
997 3341 1030 3378 ne
1045 3321 1078 3378 id
1090 3325 1247 3397 patriae
1262 3323 1388 3380 exitio
1402 3324 1517 3397 forat

349 3432 489 3504 Pergamo

1145 3519 1286 3595 Apollod.

992 3629 1064 3709 τῆς
1096 3620 1358 3713 πατρίδος4)
1393 3635 1512 3708 γενέ·

949 3729 1510 3802 σθαιτόνπαῑόαοῗποίλειαυ.

350 3856 663 3865 ——Q

455 3906 474 3975 ¹)
491 3909 606 3959 Ribbeck
625 3910 642 3958 l.
663 3909 681 3958 l.
703 3925 729 3973 p,
750 3921 809 3972 234.
830 3919 889 3972 237.

458 3995 480 4066 ²)
497 3999 515 4047 l.
536 3999 553 4047 l.
575 4016 601 4062 p.
627 4012 684 4059 124.
709 4012 767 4063 130.

456 4085 478 4156 ⁸)
497 4089 527 4140 cf.
549 4089 622 4154 Verg.
643 4091 709 4139 Aen.
731 4090 786 4146 Vll,
802 4101 869 4152 320:
889 4089 1021 4137 Cisseis
1040 4104 1244 4152 praegnans.

453 4174 473 4242 ⁴)
492 4177 524 4225 cs.
562 4179 678 4241 Apollod.
710 4177 897 4246 πατρίδος,
925 4178 994 4242 Hyg.
1024 4177 1179 4245 patriae,
1212 4177 1259 4242 srg.
1287 4186 1350 4241 trag.
1372 4178 1510 4231 Troiae.

353 4265 510 4330 Quamquam
530 4267 653 4330 denegare
672 4268 732 4316 nolo
751 4266 942 4332 mythographo,
964 4283 1019 4328 cum
1039 4265 1188 4329 hypothesin
1207 4273 1320 4333 verteret,
1341 4283 1427 4318 versus
1455 4288 1512 4334 poe-

348 4355 418 4413 ticos,
440 4371 501 4420 quos
528 4357 568 4405 vel
596 4357 620 4405 in
640 4357 766 4405 Ciceronis
793 4356 825 4405 de
850 4357 901 4408 div.
930 4357 998 4405 libris
1024 4357 1115 4422 legisse
1141 4364 1248 4426 poterat¹
1276 4358 1424 4410 obversatos
1451 4377 1512 4417 esse.

349 4443 431 4511 Quam
450 4445 545 4513 Hygini
565 4446 768 4496 consuetudinem
789 4461 854 4496 nunc
872 4447 1039 4497 tractabimus.
