3136 5354
600 415 902 490 ¹-35-

317 596 422 673 Neque
445 597 533 673 igitur
556 608 608 667 est,
634 598 716 673 quod
740 597 988 673 mythographum
1011 597 1060 654 hic
1083 617 1100 655 a
1123 597 1264 666 sontibus
1298 610 1372 672 quos

154 692 166 728 ἶ
230 703 299 778 sequi
321 705 405 774 solet,
431 705 576 763 defecisse
600 715 770 763 statuamus.

321 811 405 868 Alios
431 812 572 869 flosculos
596 812 731 887 poeticos
756 811 934 870 Schmidtius
965 803 1150 888 investigare
1174 822 1298 871 conatus
1322 821 1374 870 est.

218 914 347 976 Fortasse
367 919 463 978 uerba
488 920 607 978 fabulae
635 936 694 995 150
721 911 783 1002 (25.
808 921 858 999 10)
874 920 939 977 coeli
951 920 1089 993 forrzicem
1107 920 1145 978 ab
1162 920 1260 978 Ennio
1276 912 1372 1002 (apud

214 1019 281 1082 Cic.
302 1026 338 1084 de
362 1036 436 1084 orat.
462 1027 508 1084 ΙΙΙ
527 1046 576 1097 40.
602 1020 673 1109 162)
699 1026 791 1101 petita
814 1036 890 1084 sunt.
939 1026 1026 1085 Certe
1050 1037 1148 1085 autem
1172 1046 1217 1096 ea,
1243 1045 1320 1102 quae
1344 1027 1374 1083 in

154 1188 157 1209 ἱ
207 1127 317 1190 fabulis
340 1135 475 1192 Homero
500 1134 609 1192 Latino
634 1144 663 1192 et
686 1134 780 1192 Statio
801 1133 904 1192 deberi
938 1135 1018 1193 idem
1050 1134 1173 1210 putavit,
1197 1153 1275 1192 vana
1298 1144 1374 1206 sunt,

204 1240 298 1306 quod
318 1241 456 1317 Ungerus
480 1241 583 1317 philol.
609 1243 717 1310 XLVI,
742 1261 771 1316 p.
800 1259 857 1314 217
885 1241 1008 1300 monuit.
1055 1244 1213 1300 Praeterea
1235 1240 1281 1299 bis
1298 1251 1375 1299 cata-

199 1347 412 1406 sterismorum
437 1348 554 1419 fabulis
580 1367 703 1423 quarum
727 1357 826 1406 tamen
850 1349 889 1406 de
912 1349 1026 1423 origine
1050 1368 1086 1406 ex
1108 1358 1192 1422 parte
1216 1348 1374 1418 dubitatur,

198 1465 356 1514 versuse
391 1456 488 1530 poetis
512 1455 627 1514 Latinis
663 1455 846 1513 adiciuntur:
872 1456 903 1513 in
938 1457 1039 1514 fabula
1068 1476 1104 1527 14
1128 1449 1195 1531 (49.
1216 1450 1270 1539 ar)
1294 1456 1376 1513 Cice·

196 1561 297 1619 ronis
319 1565 438 1635 Aratea,
463 1562 493 1619 in
518 1561 615 1636 capite
644 1578 700 1635 177
722 1558 784 1637 (31.
808 1555 834 1645 1)
870 1580 971 1621 versus
1007 1562 1117 1633 cretici,
1142 1562 1193 1637 qui
1228 1563 1374 1632 dicuntur,

195 1657 308 1735 ignoti
330 1670 485 1728 cuiusdam
509 1680 615 1745 poetae
630 1665 656 1751 ¹)
678 1670 844 1729 laudantur.

782 1957 808 1994 2.

448 2039 516 2108 tto
542 2037 746 2108 elocutionis
771 2038 1116 2126 poeticarumque.

319 2187 464 2247 Venimus
488 2188 526 2246 ad
550 2206 601 2246 eos
628 2188 777 2257 flosculos,
803 2188 853 2262 qui
877 2188 941 2246 sine
964 2189 1056 2247 dubio
1081 2198 1233 2264 poetarum
1257 2191 1377 2250 Latino·

201 2297 281 2352 sum
314 2296 446 2354 carmina
480 2295 650 2370 respiciunt.
700 2297 737 2352 Et
772 2314 839 2352 curn
876 2306 1041 2370 quaeratur,
1077 2315 1148 2355 num
1183 2298 1377 2357 demonstrari

203 2403 311 2463 Possit
335 2421 387 2460 eos
412 2421 475 2460 esse
498 2402 655 2478 genuinos,
681 2403 738 2459 hoc
763 2412 842 2461 certe
866 2404 1051 2478 exploratum
1075 2414 1118 2462 est
1142 2406 1279 2463 omnibus
1303 2407 1377 2464 locis

207 2513 316 2566 Verum
340 2510 494 2586 Hyginum
518 2528 583 2568 esse
607 2511 841 2584 agnoscendum,
868 2511 975 2585 quibus
1011 2512 1102 2569 verba
1137 2513 1294 2573 enchiridii
1316 2534 1376 2589 my·

211 2608 357 2692 thologici
381 2617 490 2676 Graeci
524 2617 610 2676 reddi
644 2617 833 2694 perspicuum
857 2618 902 2678 sit.
949 2621 1029 2676 lam
1067 2638 1160 2678 vero
1196 2622 1376 2681 animad-

154 2732 156 2739 '
214 2725 415 2783 vertimus
451 2725 620 2800 saepius
654 2726 770 2783 verba
800 2736 1017 2801 poetarum
1040 2728 1284 2786 Latinorum
1317 2729 1377 2787 ita

218 2831 414 2902 adhiberi,
440 2841 478 2888 ut
501 2851 639 2890 eorum
662 2833 817 2890 auxilio
841 2833 1027 2890 narratio
1051 2843 1203 2908 poetae
1226 2847 1294 2894 aut
1317 2838 1376 2911 hy-

154 2986 157 3007 ,
220 2940 438 3008 potheseos
458 2940 642 2997 Graecae
665 2939 702 2996 in
726 2943 955 2997 siermonem
971 2940 1157 2998 Latinum
1181 2953 1374 3003 vertatur.
1454 3012 1460 3019 ³

154 3030 156 3035 ¹
220 3041 318 3121 Neque
343 3046 431 3120 igitur
454 3056 552 3122 potest
575 3046 714 3117 dubitari,
740 3047 812 3122 quin
835 3046 856 3103 ii
879 3047 939 3104 loci
962 3047 1020 3105 sint
1042 3048 1173 3123 genuini.
1220 3051 1375 3109 Homerici

218 3169 310 3212 versus
334 3153 479 3212 notissimi
504 3138 570 3211 sunt
594 3153 632 3212 de
656 3154 814 3212 Chimaera
838 3152 875 3235 (Z
903 3158 972 3215 181.
996 3155 1085 3239 182):

316 3259 445 3348 πρόσθε
467 3260 558 3331 λέων,
584 3257 707 3325 ὄπιθεν
732 3259 768 3324 δὲ
792 3260 929 3347 δράκων,
954 3271 1052 3345 μέσση
1077 3261 1113 3325 δὲ
1136 3272 1284 3352 χίμαιρα,

316 3365 426 3433 δεινὸν
448 3367 676 3433 ἀποπνείουσα
701 3365 802 3456 πυρὸς
824 3379 919 3452 μένος
943 3373 1143 3452 αἰθομένοιο.

317 3476 403 3549 Quos
427 3496 495 3534 cum
518 3477 750 3553 mythographus
774 3477 805 3534 in
829 3477 930 3535 fabula
955 3493 992 3552 57
1011 3471 1078 3550 (60.
1098 3476 1127 3557 9)
1152 3479 1264 3550 laudat,
1282 3490 1373 3539 trans-

212 3582 320 3651 latione
356 3584 444 3643 utitur
467 3585 665 3642 Lucretiaua:
701 3604 748 3642 ore
775 3586 929 3659 florianam
963 3586 1073 3659 spirare
1107 3585 1263 3658 attrebatum·
1284 3589 1371 3646 Lucr.

213 3691 251 3759 ll,
278 3708 317 3764 70
323 3706 358 3766 5:

305 3799 461 3873 florianam
495 3806 583 3856 taetro
619 3801 754 3875 spirantis
776 3819 823 3857 ore
850 3800 1015 3857 Chimaeras
1023 3821 1033 3869 ‚·

314 3905 388 3965 ibid.
413 3906 433 3970 l,
461 3921 515 3964 10:
533 3900 554 3984 2)
571 3909 671 3981 priano
695 3909 744 3977 leo,
761 3915 904 3982 postrento
920 3908 1012 3975 draco,
1031 3908 1121 3965 medio
1138 3908 1199 3982 apsa
1221 3908 1373 3967 Chimaera

313 4016 415 4096 (Lucr.
440 4015 478 4086 V,
499 4013 582 4092 905).

318 4239 337 4308 l)
355 4244 470 4293 Fortasse
496 4242 615 4292 Varronis
642 4243 743 4293 Atacini
771 4241 866 4310 (Unger
892 4243 909 4294 l.
937 4244 955 4292 l.
983 4259 1009 4308 p.
1040 4242 1110 4314 244),
1147 4245 1252 4294 Versum
1276 4247 1372 4297 tertium

210 4349 340 4383 oceano
359 4333 530 4396 prohibet
549 4349 676 4397 semper
694 4350 726 4381 se
745 4333 878 4398 tingere
897 4334 1027 4397 Tethys
1045 4335 1170 4399 Vergilius
1183 4351 1269 4400 georg.
1286 4337 1306 4395 Ι,
1321 4338 1372 4396 246

210 4422 302 4472 videtur
320 4423 454 4487 respicere:
485 4426 607 4471 Arctos
634 4422 764 4471 Oceani
790 4424 977 4472 metuentis
1002 4440 1151 4488 aequore
1179 4425 1305 4489 tingui;
1337 4425 1371 4475 cfr

211 4512 282 4563 Ovid.
306 4520 368 4562 met.
392 4512 424 4570 II,
443 4523 490 4573 172
509 4513 555 4571 XI,
569 4521 635 4576 455;
659 4513 772 4576 Zingerle
791 4512 859 4560 Ovid
878 4529 901 4563 u.
921 4513 973 4561 sein
992 4513 1067 4566 Verh.
1086 4515 1111 4562 II
1129 4530 1156 4578 p.
1177 4514 1218 4576 85.

314 4599 337 4674 ²)
356 4603 440 4652 Verba
460 4602 623 4667 respiciuntur
641 4603 721 4667 eapite
744 4611 789 4666 151
808 4601 864 4671 (25.
883 4602 936 4670 18):
959 4602 1069 4653 media
1087 4604 1162 4668 ipsa
1180 4603 1369 4655 Chimaera.

1057 4672 1197 4743 αὖ.
