3136 5354
523 355 742 414 .-7-

58 534 128 592 inae
152 535 242 593 verba
266 536 471 612 agglutinaret,
496 534 587 610 idque
611 535 667 594 sibi
692 536 806 595 videtur
830 537 1029 614 proposuisse,
1064 548 1095 596 ut
1126 557 1223 598 narra-

58 642 134 697 tioni
171 644 362 717 Hyginianae
397 663 478 701 snam
515 654 680 718 opponeret
715 644 855 718 illamque
891 665 969 703 nova
1005 666 1040 703 ac
1075 648 1223 706 contraria

58 749 175 807 ratione
199 762 358 820 enarraret,
384 770 451 808 cum
476 752 618 826 pleraque
643 752 681 810 ad
707 751 847 810 Ovidium
873 755 1129 814 accommodaret:

280 933 306 970 e.
337 933 347 968 1
380 933 405 970 2.
878 934 903 970 c.
935 934 946 969 1
999 961 1003 972 .

104 1020 250 1076 Phaethon
262 1020 334 1077 Solis
346 930 371 1077 ci
383 1020 618 1095 Clymeuesfilius.
711 1021 857 1077 Phaethon
886 929 1015 1094 Charisia*
1032 1023 1104 1079 Solis
1118 1025 1182 1098 fila·
1202 1032 1228 1080 et

666 1128 794 1200 Adrastos
817 1129 954 1202 aaruplroe
967 1129 1059 1203 filius.

102 1252 163 1290 cum
187 1235 257 1291 clam
284 1237 381 1308 potrr's
412 1253 526 1291 crrrrum
561 1253 617 1292 corr·
708 1253 767 1291 [nm
792 1237 890 1292 r'udr'cr'o
906 1238 1003 1311 pratris
1025 1255 1111 1293 aarum
1136 1237 1224 1293 Solem

56 1342 209 1398 srendr'srrt.
663 1344 834 1413 coerrantium.

102 1455 130 1505 rt
151 1449 236 1505 ultius
260 1469 278 1505 a
302 1457 378 1506 terro
402 1457 470 1506 erret
490 1450 587 1505 elatas.
709 1467 769 1505 rura
785 1457 852 1506 essct
868 1452 988 1524 propius
1003 1459 1108 1507 terrum
1125 1459 1222 1510 aeetias.

139 1537 141 1541 ‚
707 1557 743 1614 cs.
771 1558 827 1613 Or.
854 1568 922 1614 met.
950 1559 987 1626 Il,
1006 1576 1078 1631 207.

707 1666 796 1737 spolio
820 1672 911 1720 1111111
927 1667 1060 1739 propiora
1074 1667 1222 1740 fertranus.

101 1791 209 1828 sorores
233 1772 425 1838 Plrcretlrontr's,
449 1772 526 1844 parad
538 1789 620 1844 equos
708 1791 814 1827 sorores
837 1773 1029 1840 l'ltartlumtr's,
1053 1774 1119 1829 dnm
1143 1775 1223 1830 inler-

56 1882 167 1935 z'm'rrsru
193 1880 290 1952 patras
322 1880 483 1946 r'nnnruat,
508 1880 537 1934 in
570 1898 616 1934 ar-
663 1880 731 1934 ittam
765 1879 864 1952 tristent
888 1879 1008 1952 fratrea,
1047 1881 1077 1935 in
1112 1882 1225 1938 arbores

55 1987 134 2043 boras
152 1985 271 2060 papales
293 1992 474 2044 carantanae
496 1992 568 2042 111111.
664 1994 731 2048 runt
745 1986 863 2060 popolus
885 2005 989 2043 terme.

709 2093 745 2149 cf.
772 2093 859 2150 (lvid.
886 2095 923 2162 II,
939 2113 1001 2167 340
1027 2114 1048 2152 s

166 2255 257 2313 Haud
282 2271 366 2311 secus
391 2271 435 2309 res
460 2253 614 2327 Meleagri,
640 2272 715 2327 quae
749 2253 895 2328 capitibus
925 2272 979 2326 171
1010 2264 1038 2312 et
1067 2272 1123 2326 172
1160 2276 1224 2330 pro-

55 2365 136 2420 latae
161 2372 238 2431 sunt,
265 2362 364 2435 capite
393 2378 452 2432 174
477 2371 655 2434 repetuntur.
705 2361 950 2436 Mythographus,
977 2362 1027 2418 ubi
1061 2362 1224 2420 vaticinati-

56 2490 146 2528 onem
171 2473 337 2537 Parcarum,
363 2486 441 2542 quae
465 2468 623 2525 Althaeam
648 2469 685 2526 de
710 2469 791 2543 ligno
817 2469 899 2526 fatali
923 2479 1045 2526 monent
1069 2464 1159 2549 (171)
1196 2481 1225 2528 et

56 2597 190 2645 causam,
224 2596 282 2650 qtra
317 2586 469 2633 commota
493 2575 592 2632 Diana
627 2595 729 2650 aprum
755 2576 954 2650 Calydonium
987 2561 1101 2635 miserit
1124 2569 1222 2658 (172),

55 2685 202 2760 exposuit,
228 2694 296 2759 post
328 2683 580 2740 enumerationem
614 2703 725 2756 eomm,
751 2684 801 2757 qui
834 2695 972 2741 venatum
1006 2684 1101 2742 ierunt
1124 2683 1222 2761 (173),

55 2793 178 2850 easdem
202 2810 247 2848 res
272 2791 370 2848 denuo
395 2790 501 2848 iisdem
526 2791 700 2847 ferererbis
725 2800 840 2847 enarrat
864 2787 941 2864 (174
959 2811 987 2865 p.
1010 2811 1047 2864 29
1065 2791 1082 2851 l.
1105 2792 1223 2867 7-13)

57 2912 86 2957 et
110 2899 244 2956 subulam
269 2899 307 2955 ad
332 2899 420 2954 tinem
445 2897 535 2955 ducit.
584 2899 621 2953 Et
645 2897 787 2971 quoniam
812 2916 899 2971 supra
929 2898 1068 2972 antiquae
1100 2898 1223 2956 recensi·

55 3027 132 3065 ones
156 3007 341 3064 testabantur
363 3007 484 3062 easdem
509 3005 622 3061 fabulas
646 3023 707 3061 non
731 3005 769 3061 ab
795 3015 915 3062 auctore
939 3005 1031 3062 libelli
1064 3005 1109 3062 bis
1143 3025 1224 3063 enar·

55 3126 136 3172 ratas
161 3132 235 3182 esse,
261 3113 350 3170 etiarn
374 3112 479 3187 capitis
509 3129 567 3183 174
592 3131 659 3186 pars
684 3110 764 3186 prior
796 3111 1001 3186 interpolatori
1018 3108 1039 3190 1)
1064 3112 1222 3170 tribuenda

56 3223 183 3290 videtur,
210 3231 239 3277 ut
264 3238 339 3294 quac
364 3239 424 3276 non
457 3219 548 3276 modo
582 3220 782 3276 narrationem
819 3219 1058 3276 antecedentium
1093 3219 1224 3294 capitum

58 3331 88 3387 in
112 3329 230 3386 lnevius
255 3327 443 3397 contraxerit,
472 3328 525 3385 sed
556 3327 643 3385 etiam
676 3327 870 3402 mutilaveritg
896 3329 934 3385 cf.
969 3328 1059 3385 verba
1094 3327 1222 3384 insulsa:

57 3439 98 3494 ibi
119 3440 148 3493 iu
172 3440 249 3507 reguo
273 3437 374 3492 dicr'tar
396 3437 455 3491 titio
487 3436 588 3491 (11111111
620 3436 793 3509 oppcrrur'ssc.
818 3469 863 3474 —
887 3434 1025 3492 Ceterum
1063 3436 1120 3492 hoc
1154 3435 1222 3491 loco

57 3544 144 3601 facile
169 3555 212 3601 est
237 3544 275 3601 ad
299 3543 553 3618 cognoscendum,
579 3561 638 3616 qua
662 3560 751 3599 causa
775 3542 970 3616 interpolator
1002 3543 1148 3600 adductus
1185 3542 1222 3598 fa-

58 3652 160 3708 bulam
185 3651 289 3708 iterum
313 3649 464 3707 enarrarit.
512 3649 618 3723 Neque
642 3648 721 3706 enini
746 3648 821 3705 iusta
845 3649 964 3706 occasio
982 3649 1053 3707 data
1070 3660 1132 3706 erat
1149 3648 1224 3706 initii

58 3760 178 3816 fabulae
202 3758 364 3832 repetendi,
390 3757 446 3813 nisi
470 3767 624 3814 contextus
649 3757 826 3814 narrationis
851 3759 939 3814 rebus
956 3757 984 3813 in
1003 3757 1102 3814 medio
1121 3756 1225 3830 positis

59 3848 335 3939 interrunrpeliatui.
385 3865 478 3936 Quod
502 3864 624 3937 quidem
647 3873 750 3920 nostro
774 3864 841 3920 loco
866 3863 1003 3936 catalogo
1037 3883 1148 3932 eorum,
1175 3864 1226 3937 (pri

60 3975 97 4032 ad
123 3993 225 4048 aprum
251 3972 450 4045 Calydonium
474 3971 578 4039 ierunt,
605 3970 778 4045 interposito
803 3972 913 4027 facturn
931 3970 1045 4027 virletur
1069 3990 1143 4030 esse.
1181 3973 1225 4027 Ac

61 4101 99 4139 ne
124 4082 262 4155 catalogo
287 4080 409 4153 (pridem
433 4097 538 4136 manus
563 4078 784 4153 interpolatoris
818 4078 965 4153 pepercit:
993 4073 1121 4155 vernat)
1146 4078 1225 4136 enim

174 4342 192 4409 ¹)
210 4346 296 4407 Lange
323 4346 354 4391 de
374 4359 438 4391 nexu
464 4359 488 4406 p,
512 4342 541 4390 18
561 4359 594 4410 s.‚
624 4343 727 4390 Bursian
747 4342 903 4395 Fleckeisen,
931 4342 1014 4400 annal,
1041 4341 1102 4414 plril.
1130 4341 1224 4415 XCIII²

34 4470 38 4474 Δ
62 4453 86 4499 p.
113 4446 172 4499 772,
194 4435 308 4505 Schmidt
326 4433 404 4496 praef.
425 4450 451 4496 p.
472 4434 553 4480 XLII.

170 4521 190 4590 ι3)
208 4524 240 4583 cI,
262 4523 375 4573 Schmidt
392 4523 482 4588 philol.
503 4522 584 4582 XXV,
606 4538 632 4586 p.
653 4534 715 4584 424ε
