3136 5354
836 379 1056 434 -18-.

364 555 466 634 libello
491 574 619 633 alienam
654 574 744 633 fuisse
779 574 933 650 probatur.
981 574 1059 631 Nam
1095 573 1125 631 in
1160 571 1257 650 capite
1285 590 1347 649 ²50
1373 570 1461 649 (139.
1488 565 1521 652 ι),

364 703 432 741 cum
455 683 546 741 verba
570 683 689 740 fabulae
716 686 752 739 61
781 692 959 756 repetuntur,
985 680 1107 755 legitur:
1134 681 1300 738 Salmoneus
1323 681 1377 755 qui
1401 680 1523 754 fulmina

364 794 393 848 in
416 790 604 865 qrtodrtguls]
626 791 719 846 sedens
742 789 914 856 imitabatur,
940 803 999 844 cnm
1023 787 1165 861 qrrurlrsga
1180 788 1306 862 fulmine
1329 790 1408 845 ictus.

471 898 519 955 Ad
543 907 705 955 extremum
722 896 795 952 duas
812 893 1007 970 proprietates
1025 912 1238 964 commemnm,
1264 895 1373 969 quibus
1391 894 1524 969 equidem

365 1007 423 1063 alia
446 1004 584 1079 exempla
608 1004 770 1077 adiungere
786 1019 915 1075 nequeo,
933 1001 1143 1058 soloecismum
1161 1001 1230 1058 dico
1247 1008 1402 1076 praestare
1417 1009 1526 1076 praeter

365 1120 460 1170 ceteros
483 1131 509 1168 e.
536 1131 574 1185 92
601 1109 665 1184 (88.
692 1104 723 1191 4)
749 1119 778 1166 et
801 1107 979 1182 singularem
1014 1107 1233 1164 coniunctionis
1250 1108 1494 1181 ·quentmlmndmn
1506 1103 1525 1186 1)

364 1213 422 1299 (=
445 1213 524 1299 curn)
550 1235 648 1274 usum:
675 1217 728 1273 alit·
748 1216 851 1284 dicunt,
875 1215 1105 1289 quemadmodum
1130 1215 1297 1288 aedificabat
1311 1215 1418 1289 pilum,
1453 1223 1528 1290 snpu

369 1327 511 1384 Castorem
535 1325 674 1400 impulisse
696 1331 723 1381 et
743 1326 781 1380 sic
805 1323 976 1397 intonatum
1000 1342 1025 1380 e.
1053 1326 1093 1380 80
1119 1315 1183 1404 (81.
1212 1322 1265 1405 23)

931 1626 959 1680 3.

540 1749 584 1817 Ito
610 1750 725 1816 astato
751 1747 786 1814 et
810 1746 938 1830 ortptne
966 1744 1177 1814 recensionis
1203 1748 1353 1814 nostrae.

470 1917 532 1972 Iam
557 1922 673 1988 tempus
697 1911 751 1969 erit
775 1930 819 1979 ea,
845 1930 923 1985 quae
954 1911 1052 1969 adbuc
1088 1911 1238 1986 disputata
1271 1921 1348 1981 sunt,
1374 1912 1406 1970 in
1440 1932 1527 1971 unum

365 2022 450 2097 quasi
472 2030 666 2096 conspectum
691 2019 834 2094 redigere,
860 2029 890 2075 ut
915 2037 990 2092 quae
1014 2017 1084 2077 inde
1108 2019 1284 2088 efficiantur,
1303 2020 1420 2094 possint
1443 2021 1528 2096 expli-

366 2129 435 2187 cari.
489 2126 709 2186 Recensionem
746 2125 825 2183 enim
861 2125 1037 2194 tabularum,
1075 2143 1165 2199 quam
1201 2126 1298 2183 codex
1333 2125 1528 2202 Frisingensis

365 2236 498 2312 praebet,
523 2253 585 2292 non
608 2233 769 2308 genuinam
794 2241 906 2289 exstare
931 2241 959 2288 et
983 2241 1098 2289 ceterae
1123 2233 1321 2303 recensiones
1348 2252 1426 2308 quae
1442 2235 1530 2293 verba

366 2343 478 2401 codicis
503 2342 621 2418 saepius
647 2349 805 2398 retractata
829 2358 893 2396 esse
917 2340 1086 2410 ostendunt,
1113 2350 1141 2397 et
1177 2340 1243 2415 ipsa
1277 2341 1418 2411 elocuti0,
1455 2360 1530 2417 quae

365 2470 445 2508 nunc
469 2451 498 2514 in
523 2450 632 2508 sabulis
657 2467 754 2524 neque
778 2447 944 2522 aequabilis
969 2466 1066 2522 neque
1097 2447 1153 2504 sibi
1189 2457 1329 2505 constans
1365 2459 1417 2518 est,
1454 2449 1531 2509 testi·

365 2557 467 2615 monio
491 2568 566 2616 sunt.
615 2558 674 2615 Sed
699 2576 765 2613 cum
792 2556 822 2612 in
846 2555 950 2613 eadem
975 2555 1149 2613 recensione
1173 2564 1253 2612 certa
1278 2555 1426 2629 quaedum
1449 2556 1532 2615 vesti·

365 2665 415 2740 gia
438 2667 558 2724 saeculo
587 2666 679 2723 altero
716 2663 856 2721 inferiora
892 2663 1090 2732 inveniantur,
1127 2663 1240 2737 optime
1277 2663 1425 2729 convenit,
1452 2665 1533 2738 quod

366 2772 531 2846 fragmenta
567 2770 817 2846 interpretationis
842 2769 1087 2828 Dositheanaea
1122 2769 1352 2838 narrationibus,
1390 2789 1469 2844 quae
1505 2772 1533 2828 in

366 2879 471 2937 codice
496 2878 686 2953 respondent,
713 2877 865 2952 paululum
890 2876 1029 2934 recedere
1054 2887 1144 2950 atque
1167 2875 1357 2951 integriorem
1388 2896 1533 2935 nonnum·

367 3005 455 3060 quam
478 2985 638 3043 lectionem
662 2995 813 3059 praestare
830 2983 1037 3042 intelleximus,
1086 2983 1265 3042 Necesse
1288 2994 1348 3041 est
1372 3003 1388 3040 c
1400 2986 1489 3042 onel
1500 3004 1534 3042 u·

366 3094 500 3151 damus
524 3092 758 3150 versionem
782 3091 970 3148 Dosithei
995 3100 1027 3148 et
1063 3090 1210 3147 librum
1246 3099 1533 3160 retractatum,

367 3200 434 3275 qui
459 3211 521 3258 est
543 3200 583 3257 in
606 3199 809 3269 manibus,
835 3199 883 3257 ad
907 3216 1117 3255 commune
1149 3197 1360 3271 exemplar
1383 3197 1533 3257 redire.

366 3307 561 3381 Integriorem
602 3306 807 3364 recensionem
847 3307 1042 3380 fragmentum
1067 3304 1302 3362 Niebuhrianum
1332 3323 1535 3381 magnamque

366 3426 479 3492 partem
516 3414 630 3471 scholia
665 3413 837 3471 Strozziana
871 3413 1008 3470 videntur
1042 3423 1200 3487 praestare.
1257 3411 1374 3485 Quibus
1409 3412 1534 3471 testibus

367 3522 500 3581 Servium
524 3521 718 3580 adnumerare
742 3539 803 3578 non
828 3520 943 3588 dubit0,
969 3538 1150 3594 quamquam
1185 3537 1276 3576 unum
1311 3518 1384 3576 illud
1418 3519 1535 3579 videtur

368 3631 498 3698 obstare,
524 3629 607 3704 quod
631 3628 796 3686 enuntiatio
821 3629 941 3686 fabulae
971 3647 1040 3702 194,
1068 3646 1126 3701 qua
1149 3627 1292 3684 Arionem
1316 3625 1345 3683 in
1370 3625 1471 3701 quiete
1495 3627 1554 3714 vi·¹

368 3737 447 3795 disse
471 3736 643 3812 Apollinem
677 3748 820 3805 narratur,
857 3737 887 3794 in
922 3735 1043 3794 scholiis
1068 3734 1254 3804 StrozzianiS,
1291 3753 1366 3808 quae
1401 3733 1535 3792 fabulam

367 3839 399 3903 in
424 3863 507 3902 suurn
532 3862 617 3901 usum
652 3854 767 3902 vertunt
790 3844 832 3920 (II
862 3846 918 3918 165
947 3863 968 3902 S.
995 3843 1111 3899 Robert
1133 3842 1280 3900 Eratosth.
1307 3852 1363 3899 cat.
1389 3861 1418 3916 p.
1448 3837 1533 3924 212),

366 3952 456 4028 plane
493 3951 576 4009 deest
608 3969 705 4025 neque
742 3971 812 4009 casu
847 3961 944 4028 potest
980 3969 1044 4009 esse
1078 3951 1197 4009 omissa.
1244 3950 1322 4007 Nam
1357 3967 1424 4005 cum
1460 3949 1535 4007 haec

367 4057 531 4117 enuntiatio
566 4068 627 4115 tum
650 4058 786 4134 proxima
809 4058 910 4128 verba,
936 4076 1013 4132 quae
1037 4057 1067 4114 in
1092 4057 1273 4132 Frisingensi
1295 4075 1330 4114 ex
1356 4057 1534 4114 anteceden-

367 4167 445 4225 tibus
470 4165 562 4240 repeti
597 4167 762 4240 oportebat,
789 4186 806 4223 a
841 4165 1002 4223 scholiasta
1026 4163 1195 4222 Strozziano
1233 4163 1415 4221 omittuntur.
1435 4157 1459 4242 2)
1504 4165 1533 4221 Is

477 4463 497 4533 ²)
517 4465 640 4516 Graecum
661 4461 696 4523 ὥς
716 4465 818 4514 sortasse
837 4465 908 4514 reddi
927 4464 1069 4514 Foerstems
1089 4473 1184 4513 monet.

478 4552 500 4628 ²)
519 4557 612 4607 Robert
630 4555 648 4609 l.
670 4556 686 4613 l,
705 4571 731 4621 p.
754 4566 820 4619 2173
844 4556 905 4606 Otto
925 4556 1009 4606 antrol.
1030 4556 1093 4621 phil.
1114 4554 1255 4614 CXXXIII,
1279 4569 1305 4619 p.
1327 4553 1389 4605 288.
