<?xml version="1.0" encoding="UTF-8"?>
<!DOCTYPE html PUBLIC "-//W3C//DTD XHTML 1.0 Transitional//EN"
    "http://www.w3.org/TR/xhtml1/DTD/xhtml1-transitional.dtd">
<html xmlns="http://www.w3.org/1999/xhtml" xml:lang="en" lang="en">
 <head>
  <title>
</title>
<meta http-equiv="Content-Type" content="text/html;charset=utf-8" />
  <meta name='ocr-system' content='tesseract 3.04.00' />
  <meta name='ocr-capabilities' content='ocr_page ocr_carea ocr_par ocr_line ocrx_word'/>
</head>
<body>
  <div class='ocr_page' id='page_1' title='image "./quaestioneshygi00dietgoog_0059.png"; bbox 0 0 3136 5354; ppageno 0'>
   <div class='ocr_carea' id='block_1_1' title="bbox 843 388 1028 469">
    <p class='ocr_par' dir='ltr' id='par_1_1' title="bbox 843 388 1028 469">
     <span class='ocr_line' id='line_1_1' title="bbox 843 388 1028 469; baseline 0.005 -33"><span class='ocrx_word' id='word_1_1' title='bbox 843 388 1028 469; x_wconf 55' lang='lat'>*56*</span> 
     </span>
    </p>
   </div>
   <div class='ocr_carea' id='block_1_2' title="bbox 334 587 1514 2946">
    <p class='ocr_par' dir='ltr' id='par_1_2' title="bbox 334 587 1514 1953">
     <span class='ocr_line' id='line_1_2' title="bbox 342 587 1510 670; baseline 0.004 -23"><span class='ocrx_word' id='word_1_2' title='bbox 342 587 417 648; x_wconf 89' lang='lat' dir='ltr'>inter</span> <span class='ocrx_word' id='word_1_3' title='bbox 433 599 546 665; x_wconf 85' lang='lat' dir='ltr'>partem</span> <span class='ocrx_word' id='word_1_4' title='bbox 562 589 754 666; x_wconf 86' lang='lat' dir='ltr'><strong>posteriorem</strong></span> <span class='ocrx_word' id='word_1_5' title='bbox 772 600 801 647; x_wconf 90' lang='lat' dir='ltr'>et</span> <span class='ocrx_word' id='word_1_6' title='bbox 816 590 945 664; x_wconf 85' lang='lat' dir='ltr'>priorem</span> <span class='ocrx_word' id='word_1_7' title='bbox 961 609 1022 648; x_wconf 91' lang='lat' dir='ltr'>non</span> <span class='ocrx_word' id='word_1_8' title='bbox 1040 608 1112 649; x_wconf 90' lang='lat' dir='ltr'>esse.</span> <span class='ocrx_word' id='word_1_9' title='bbox 1139 591 1245 666; x_wconf 90' lang='lat' dir='ltr'>Neque</span> <span class='ocrx_word' id='word_1_10' title='bbox 1261 593 1387 651; x_wconf 90' lang='lat' dir='ltr'>omnino</span> <span class='ocrx_word' id='word_1_11' title='bbox 1406 593 1510 670; x_wconf 90' lang='lat' dir='ltr'>negle-</span> 
     </span>
     <span class='ocr_line' id='line_1_3' title="bbox 344 697 1511 775; baseline 0.003 -19"><span class='ocrx_word' id='word_1_12' title='bbox 344 697 475 774; x_wconf 85' lang='lat' dir='ltr'>gendum</span> <span class='ocrx_word' id='word_1_13' title='bbox 493 707 537 757; x_wconf 90' lang='lat' dir='ltr'>est</span> <span class='ocrx_word' id='word_1_14' title='bbox 553 697 584 755; x_wconf 94' lang='lat' dir='ltr'>id</span> <span class='ocrx_word' id='word_1_15' title='bbox 600 697 728 756; x_wconf 90' lang='lat' dir='ltr'>studium</span> <span class='ocrx_word' id='word_1_16' title='bbox 744 707 898 772; x_wconf 91' lang='lat' dir='ltr'>utramque</span> <span class='ocrx_word' id='word_1_17' title='bbox 914 697 1032 754; x_wconf 87' lang='lat' dir='ltr'>fabulae</span> <span class='ocrx_word' id='word_1_18' title='bbox 1048 698 1173 756; x_wconf 89' lang='lat' dir='ltr'>formam</span> <span class='ocrx_word' id='word_1_19' title='bbox 1190 700 1404 774; x_wconf 88' lang='lat' dir='ltr'>coniungendi,</span> <span class='ocrx_word' id='word_1_20' title='bbox 1424 701 1511 775; x_wconf 88' lang='lat' dir='ltr'>quod</span> 
     </span>
     <span class='ocr_line' id='line_1_4' title="bbox 341 804 1507 880; baseline 0.002 -18"><span class='ocrx_word' id='word_1_21' title='bbox 341 805 372 862; x_wconf 92' lang='lat' dir='ltr'>in</span> <span class='ocrx_word' id='word_1_22' title='bbox 388 805 447 863; x_wconf 92' lang='lat' dir='ltr'>hoc</span> <span class='ocrx_word' id='word_1_23' title='bbox 463 805 559 880; x_wconf 89' lang='lat' dir='ltr'>capite</span> <span class='ocrx_word' id='word_1_24' title='bbox 575 804 773 880; x_wconf 86' lang='lat' dir='ltr'>suspicionem</span> <span class='ocrx_word' id='word_1_25' title='bbox 798 804 851 861; x_wconf 91' lang='lat' dir='ltr'>viri</span> <span class='ocrx_word' id='word_1_26' title='bbox 867 804 1051 879; x_wconf 82' lang='lat' dir='ltr'>sagacissimi</span> <span class='ocrx_word' id='word_1_27' title='bbox 1068 805 1215 876; x_wconf 80' lang='lat' dir='ltr'>excitavit,</span> <span class='ocrx_word' id='word_1_28' title='bbox 1234 807 1323 865; x_wconf 88' lang='lat' dir='ltr'>etiam</span> <span class='ocrx_word' id='word_1_29' title='bbox 1340 809 1372 864; x_wconf 91' lang='lat' dir='ltr'>in</span> <span class='ocrx_word' id='word_1_30' title='bbox 1388 808 1507 877; x_wconf 84' lang='lat' dir='ltr'>fabula,</span> 
     </span>
     <span class='ocr_line' id='line_1_5' title="bbox 342 911 1508 988; baseline 0.003 -19"><span class='ocrx_word' id='word_1_31' title='bbox 342 931 419 988; x_wconf 89' lang='lat' dir='ltr'>quae</span> <span class='ocrx_word' id='word_1_32' title='bbox 442 912 480 970; x_wconf 91' lang='lat' dir='ltr'>de</span> <span class='ocrx_word' id='word_1_33' title='bbox 503 914 644 971; x_wconf 85' lang='lat' dir='ltr'><strong>Atalanta</strong></span> <span class='ocrx_word' id='word_1_34' title='bbox 669 921 721 981; x_wconf 89' lang='lat' dir='ltr'>est,</span> <span class='ocrx_word' id='word_1_35' title='bbox 746 922 775 969; x_wconf 93' lang='lat' dir='ltr'>et</span> <span class='ocrx_word' id='word_1_36' title='bbox 808 911 837 968; x_wconf 92' lang='lat' dir='ltr'>in</span> <span class='ocrx_word' id='word_1_37' title='bbox 868 911 932 968; x_wconf 89' lang='lat' dir='ltr'>aliis</span> <span class='ocrx_word' id='word_1_38' title='bbox 957 912 1108 986; x_wconf 87' lang='lat' dir='ltr'>exemplis,</span> <span class='ocrx_word' id='word_1_39' title='bbox 1134 913 1172 971; x_wconf 94' lang='lat' dir='ltr'>de</span> <span class='ocrx_word' id='word_1_40' title='bbox 1196 914 1303 988; x_wconf 90' lang='lat' dir='ltr'>quibus</span> <span class='ocrx_word' id='word_1_41' title='bbox 1334 915 1413 973; x_wconf 88' lang='lat' dir='ltr'>infra</span> <span class='ocrx_word' id='word_1_42' title='bbox 1449 915 1508 973; x_wconf 90' lang='lat' dir='ltr'>dis-</span> 
     </span>
     <span class='ocr_line' id='line_1_6' title="bbox 341 1019 1507 1096; baseline 0.001 -19"><span class='ocrx_word' id='word_1_43' title='bbox 341 1019 519 1095; x_wconf 85' lang='lat' dir='ltr'>putabimus,</span> <span class='ocrx_word' id='word_1_44' title='bbox 536 1019 670 1078; x_wconf 90' lang='lat' dir='ltr'>inveniri.</span> <span class='ocrx_word' id='word_1_45' title='bbox 703 1019 819 1077; x_wconf 89' lang='lat' dir='ltr'>Eodem</span> <span class='ocrx_word' id='word_1_46' title='bbox 843 1028 940 1077; x_wconf 89' lang='lat' dir='ltr'>autem</span> <span class='ocrx_word' id='word_1_47' title='bbox 965 1019 1055 1077; x_wconf 90' lang='lat' dir='ltr'>modo</span> <span class='ocrx_word' id='word_1_48' title='bbox 1073 1020 1197 1095; x_wconf 84' lang='lat' dir='ltr'>scriptor</span> <span class='ocrx_word' id='word_1_49' title='bbox 1220 1021 1288 1095; x_wconf 85' lang='lat' dir='ltr'>egit,</span> <span class='ocrx_word' id='word_1_50' title='bbox 1308 1041 1367 1096; x_wconf 93' lang='lat' dir='ltr'>quo</span> <span class='ocrx_word' id='word_1_51' title='bbox 1385 1022 1507 1081; x_wconf 90' lang='lat' dir='ltr'>Servius</span> 
     </span>
     <span class='ocr_line' id='line_1_7' title="bbox 342 1123 1508 1205; baseline 0.001 -20"><span class='ocrx_word' id='word_1_52' title='bbox 342 1126 381 1185; x_wconf 89' lang='lat' dir='ltr'>ad</span> <span class='ocrx_word' id='word_1_53' title='bbox 404 1128 479 1186; x_wconf 89' lang='lat' dir='ltr'>Aen.</span> <span class='ocrx_word' id='word_1_54' title='bbox 504 1128 543 1196; x_wconf 81' lang='grc' dir='ltr'>ΙΙ,</span> <span class='ocrx_word' id='word_1_55' title='bbox 573 1147 630 1184; x_wconf 89' lang='lat'>201</span> <span class='ocrx_word' id='word_1_56' title='bbox 658 1123 705 1203; x_wconf 85' lang='lat' dir='ltr'>(cf.</span> <span class='ocrx_word' id='word_1_57' title='bbox 733 1125 847 1184; x_wconf 89' lang='lat' dir='ltr'>Robert</span> <span class='ocrx_word' id='word_1_58' title='bbox 871 1127 888 1182; x_wconf 96' lang='lat' dir='ltr'>l.</span> <span class='ocrx_word' id='word_1_59' title='bbox 914 1126 932 1182; x_wconf 92' lang='lat' dir='ltr'>l.</span> <span class='ocrx_word' id='word_1_60' title='bbox 958 1144 986 1200; x_wconf 93' lang='lat' dir='ltr'>p.</span> <span class='ocrx_word' id='word_1_61' title='bbox 1015 1143 1072 1199; x_wconf 84' lang='lat'>207</span> <span class='ocrx_word' id='word_1_62' title='bbox 1100 1127 1154 1205; x_wconf 78' lang='lat' dir='ltr'>s.)3</span> <span class='ocrx_word' id='word_1_63' title='bbox 1179 1128 1216 1184; x_wconf 82' lang='lat' dir='ltr'>cl.</span> <span class='ocrx_word' id='word_1_64' title='bbox 1241 1128 1386 1203; x_wconf 88' lang='lat' dir='ltr'>imprimis</span> <span class='ocrx_word' id='word_1_65' title='bbox 1411 1128 1508 1187; x_wconf 91' lang='lat' dir='ltr'>verba</span> 
     </span>
     <span class='ocr_line' id='line_1_8' title="bbox 341 1233 1508 1310; baseline 0.003 -20"><span class='ocrx_word' id='word_1_66' title='bbox 341 1233 472 1310; x_wconf 86' lang='lat' dir='ltr'>Hygini:</span> <span class='ocrx_word' id='word_1_67' title='bbox 497 1234 574 1309; x_wconf 86' lang='lat' dir='ltr'>quad</span> <span class='ocrx_word' id='word_1_68' title='bbox 590 1234 714 1307; x_wconf 69' lang='lat' dir='ltr'>Phryges</span> <span class='ocrx_word' id='word_1_69' title='bbox 736 1234 832 1290; x_wconf 75' lang='lat' dir='ltr'>idcirco</span> <span class='ocrx_word' id='word_1_70' title='bbox 846 1233 958 1307; x_wconf 78' lang='lat' dir='ltr'>factam</span> <span class='ocrx_word' id='word_1_71' title='bbox 975 1240 1125 1307; x_wconf 72' lang='lat' dir='ltr'>pataram,</span> <span class='ocrx_word' id='word_1_72' title='bbox 1151 1235 1227 1308; x_wconf 83' lang='lat' dir='ltr'>qaod</span> <span class='ocrx_word' id='word_1_73' title='bbox 1239 1237 1367 1293; x_wconf 82' lang='lat' dir='ltr'>Laacaan</span> <span class='ocrx_word' id='word_1_74' title='bbox 1390 1237 1508 1293; x_wconf 78' lang='lat' dir='ltr'>hastam</span> 
     </span>
     <span class='ocr_line' id='line_1_9' title="bbox 341 1340 1514 1416; baseline 0.003 -19"><span class='ocrx_word' id='word_1_75' title='bbox 341 1341 371 1399; x_wconf 84' lang='lat' dir='ltr'>m</span> <span class='ocrx_word' id='word_1_76' title='bbox 398 1360 497 1415; x_wconf 84' lang='lat' dir='ltr'>equum</span> <span class='ocrx_word' id='word_1_77' title='bbox 518 1341 672 1397; x_wconf 84' lang='lat' dir='ltr'>Troianam</span> <span class='ocrx_word' id='word_1_78' title='bbox 696 1342 803 1397; x_wconf 80' lang='lat' dir='ltr'>mirem&#39;t</span> <span class='ocrx_word' id='word_1_79' title='bbox 823 1352 851 1398; x_wconf 93' lang='lat' dir='ltr'>et</span> <span class='ocrx_word' id='word_1_80' title='bbox 866 1340 975 1398; x_wconf 87' lang='lat' dir='ltr'>Servii:</span> <span class='ocrx_word' id='word_1_81' title='bbox 1000 1342 1118 1398; x_wconf 76' lang='lat' dir='ltr'>historia</span> <span class='ocrx_word' id='word_1_82' title='bbox 1141 1343 1250 1416; x_wconf 78' lang='lat' dir='ltr'>quidem</span> <span class='ocrx_word' id='word_1_83' title='bbox 1273 1343 1437 1412; x_wconf 71' lang='lat' dir='ltr'>anthabet,</span> <span class='ocrx_word' id='word_1_84' title='bbox 1462 1344 1514 1400; x_wconf 85' lang='lat' dir='ltr'>sed</span> 
     </span>
     <span class='ocr_line' id='line_1_10' title="bbox 334 1448 1509 1525; baseline 0.003 -20"><span class='ocrx_word' id='word_1_85' title='bbox 334 1455 418 1523; x_wconf 80' lang='lat' dir='ltr'>poeta</span> <span class='ocrx_word' id='word_1_86' title='bbox 442 1450 641 1522; x_wconf 80' lang='lat' dir='ltr'>mterpretatar</span> <span class='ocrx_word' id='word_1_87' title='bbox 668 1449 711 1504; x_wconf 83' lang='lat' dir='ltr'>ad</span> <span class='ocrx_word' id='word_1_88' title='bbox 734 1448 920 1504; x_wconf 76' lang='lat' dir='ltr'>Troianorum</span> <span class='ocrx_word' id='word_1_89' title='bbox 953 1450 1162 1517; x_wconf 79' lang='lat' dir='ltr'>excasationem,</span> <span class='ocrx_word' id='word_1_90' title='bbox 1186 1452 1237 1525; x_wconf 81' lang='lat' dir='ltr'>qai</span> <span class='ocrx_word' id='word_1_91' title='bbox 1264 1451 1313 1507; x_wconf 79' lang='lat' dir='ltr'>lzac</span> <span class='ocrx_word' id='word_1_92' title='bbox 1343 1452 1509 1523; x_wconf 68' lang='lat' dir='ltr'>ignorantes</span> 
     </span>
     <span class='ocr_line' id='line_1_11' title="bbox 341 1554 1506 1633; baseline 0.003 -21"><span class='ocrx_word' id='word_1_93' title='bbox 341 1556 440 1631; x_wconf 82' lang='lat' dir='ltr'>decepti</span> <span class='ocrx_word' id='word_1_94' title='bbox 461 1562 533 1612; x_wconf 83' lang='lat' dir='ltr'>sant.</span> <span class='ocrx_word' id='word_1_95' title='bbox 580 1554 705 1612; x_wconf 89' lang='lat' dir='ltr'>Roberti</span> <span class='ocrx_word' id='word_1_96' title='bbox 728 1573 796 1613; x_wconf 89' lang='lat' dir='ltr'>vero</span> <span class='ocrx_word' id='word_1_97' title='bbox 821 1555 968 1614; x_wconf 89' lang='lat' dir='ltr'>sententia</span> <span class='ocrx_word' id='word_1_98' title='bbox 991 1573 1027 1613; x_wconf 91' lang='lat' dir='ltr'>eo</span> <span class='ocrx_word' id='word_1_99' title='bbox 1051 1575 1169 1631; x_wconf 89' lang='lat' dir='ltr'>prorsus</span> <span class='ocrx_word' id='word_1_100' title='bbox 1193 1556 1344 1631; x_wconf 84' lang='lat' dir='ltr'>frangitur,</span> <span class='ocrx_word' id='word_1_101' title='bbox 1364 1559 1450 1633; x_wconf 92' lang='lat' dir='ltr'>quod</span> <span class='ocrx_word' id='word_1_102' title='bbox 1475 1559 1506 1616; x_wconf 93' lang='lat' dir='ltr'>in</span> 
     </span>
     <span class='ocr_line' id='line_1_12' title="bbox 342 1662 1507 1740; baseline 0.004 -21"><span class='ocrx_word' id='word_1_103' title='bbox 342 1663 434 1721; x_wconf 88' lang='lat' dir='ltr'>altero</span> <span class='ocrx_word' id='word_1_104' title='bbox 467 1680 588 1738; x_wconf 89' lang='lat' dir='ltr'>quoque</span> <span class='ocrx_word' id='word_1_105' title='bbox 624 1663 731 1738; x_wconf 87' lang='lat' dir='ltr'>capite,</span> <span class='ocrx_word' id='word_1_106' title='bbox 763 1662 844 1737; x_wconf 90' lang='lat' dir='ltr'>quod</span> <span class='ocrx_word' id='word_1_107' title='bbox 874 1662 913 1720; x_wconf 86' lang='lat' dir='ltr'>ad</span> <span class='ocrx_word' id='word_1_108' title='bbox 948 1663 1056 1720; x_wconf 86' lang='lat' dir='ltr'>Troiae</span> <span class='ocrx_word' id='word_1_109' title='bbox 1090 1663 1340 1738; x_wconf 84' lang='lat' dir='ltr'>expugnationem</span> <span class='ocrx_word' id='word_1_110' title='bbox 1377 1676 1507 1740; x_wconf 85' lang='lat' dir='ltr'>spectat,</span> 
     </span>
     <span class='ocr_line' id='line_1_13' title="bbox 341 1769 1505 1848; baseline 0.003 -21"><span class='ocrx_word' id='word_1_111' title='bbox 341 1770 465 1845; x_wconf 91' lang='lat' dir='ltr'>vestigia</span> <span class='ocrx_word' id='word_1_112' title='bbox 487 1770 639 1829; x_wconf 90' lang='lat' dir='ltr'>Aeneidos</span> <span class='ocrx_word' id='word_1_113' title='bbox 663 1769 730 1826; x_wconf 91' lang='lat' dir='ltr'>libri</span> <span class='ocrx_word' id='word_1_114' title='bbox 754 1772 784 1826; x_wconf 93' lang='lat' dir='ltr'>ll</span> <span class='ocrx_word' id='word_1_115' title='bbox 808 1779 883 1839; x_wconf 90' lang='lat' dir='ltr'>sunt,</span> <span class='ocrx_word' id='word_1_116' title='bbox 909 1788 1012 1844; x_wconf 89' lang='lat' dir='ltr'>eaque,</span> <span class='ocrx_word' id='word_1_117' title='bbox 1039 1789 1118 1845; x_wconf 91' lang='lat' dir='ltr'>quae</span> <span class='ocrx_word' id='word_1_118' title='bbox 1141 1790 1202 1829; x_wconf 92' lang='lat' dir='ltr'>non</span> <span class='ocrx_word' id='word_1_119' title='bbox 1226 1783 1286 1829; x_wconf 90' lang='lat' dir='ltr'>tam</span> <span class='ocrx_word' id='word_1_120' title='bbox 1321 1773 1410 1830; x_wconf 84' lang='lat' dir='ltr'>facile</span> <span class='ocrx_word' id='word_1_121' title='bbox 1436 1792 1505 1848; x_wconf 94' lang='lat' dir='ltr'>pos-</span> 
     </span>
     <span class='ocr_line' id='line_1_14' title="bbox 342 1877 580 1953; baseline 0.008 -19"><span class='ocrx_word' id='word_1_122' title='bbox 342 1877 400 1935; x_wconf 90' lang='lat' dir='ltr'>sint</span> <span class='ocrx_word' id='word_1_123' title='bbox 423 1877 580 1953; x_wconf 88' lang='lat' dir='ltr'>segregari.</span> 
     </span>
    </p>

    <p class='ocr_par' dir='ltr' id='par_1_3' title="bbox 341 2003 1508 2946">
     <span class='ocr_line' id='line_1_15' title="bbox 448 2003 1505 2079; baseline 0.003 -19"><span class='ocrx_word' id='word_1_124' title='bbox 448 2003 541 2061; x_wconf 89' lang='lat' dir='ltr'>Haud</span> <span class='ocrx_word' id='word_1_125' title='bbox 565 2003 606 2060; x_wconf 89' lang='lat' dir='ltr'>ita</span> <span class='ocrx_word' id='word_1_126' title='bbox 629 2005 752 2061; x_wconf 91' lang='lat' dir='ltr'>multum</span> <span class='ocrx_word' id='word_1_127' title='bbox 776 2003 872 2061; x_wconf 89' lang='lat' dir='ltr'>tribuo</span> <span class='ocrx_word' id='word_1_128' title='bbox 902 2003 1009 2072; x_wconf 89' lang='lat' dir='ltr'>verbis,</span> <span class='ocrx_word' id='word_1_129' title='bbox 1034 2021 1111 2077; x_wconf 88' lang='lat' dir='ltr'>quae</span> <span class='ocrx_word' id='word_1_130' title='bbox 1143 2003 1174 2060; x_wconf 91' lang='lat' dir='ltr'>in</span> <span class='ocrx_word' id='word_1_131' title='bbox 1205 2003 1282 2062; x_wconf 90' lang='lat' dir='ltr'>exitu</span> <span class='ocrx_word' id='word_1_132' title='bbox 1306 2005 1414 2079; x_wconf 88' lang='lat' dir='ltr'>capitis</span> <span class='ocrx_word' id='word_1_133' title='bbox 1445 2009 1505 2063; x_wconf 89' lang='lat'>128</span> 
     </span>
     <span class='ocr_line' id='line_1_16' title="bbox 343 2104 1504 2194; baseline 0.003 -27"><span class='ocrx_word' id='word_1_134' title='bbox 343 2120 420 2177; x_wconf 88' lang='lat' dir='ltr'>sunt,</span> <span class='ocrx_word' id='word_1_135' title='bbox 454 2111 508 2167; x_wconf 83' lang='lat' dir='ltr'>alii</span> <span class='ocrx_word' id='word_1_136' title='bbox 533 2110 685 2167; x_wconf 85' lang='lat' dir='ltr'>Cumaeam</span> <span class='ocrx_word' id='word_1_137' title='bbox 718 2107 770 2184; x_wconf 89' lang='lat' dir='ltr'>(sc.</span> <span class='ocrx_word' id='word_1_138' title='bbox 796 2104 952 2194; x_wconf 83' lang='lat' dir='ltr'>Sibyllam)</span> <span class='ocrx_word' id='word_1_139' title='bbox 987 2110 1127 2179; x_wconf 82' lang='lat' dir='ltr'>dixemmt,</span> <span class='ocrx_word' id='word_1_140' title='bbox 1161 2129 1238 2185; x_wconf 87' lang='lat' dir='ltr'>quae</span> <span class='ocrx_word' id='word_1_141' title='bbox 1269 2112 1308 2170; x_wconf 89' lang='lat' dir='ltr'>ad</span> <span class='ocrx_word' id='word_1_142' title='bbox 1335 2111 1504 2186; x_wconf 85' lang='lat' dir='ltr'>Vergilium</span> 
     </span>
     <span class='ocr_line' id='line_1_17' title="bbox 342 2217 1505 2294; baseline 0.002 -21"><span class='ocrx_word' id='word_1_143' title='bbox 342 2217 437 2275; x_wconf 89' lang='lat' dir='ltr'>redire</span> <span class='ocrx_word' id='word_1_144' title='bbox 459 2217 604 2288; x_wconf 85' lang='lat' dir='ltr'>videntur,</span> <span class='ocrx_word' id='word_1_145' title='bbox 622 2217 691 2274; x_wconf 89' lang='lat' dir='ltr'>licet</span> <span class='ocrx_word' id='word_1_146' title='bbox 714 2218 774 2275; x_wconf 89' lang='lat' dir='ltr'>iam</span> <span class='ocrx_word' id='word_1_147' title='bbox 790 2218 931 2276; x_wconf 89' lang='lat' dir='ltr'>Timaeus</span> <span class='ocrx_word' id='word_1_148' title='bbox 955 2236 1082 2292; x_wconf 90' lang='lat' dir='ltr'>eumque</span> <span class='ocrx_word' id='word_1_149' title='bbox 1106 2229 1222 2276; x_wconf 90' lang='lat' dir='ltr'>secutus</span> <span class='ocrx_word' id='word_1_150' title='bbox 1238 2219 1398 2294; x_wconf 93' lang='lat' dir='ltr'>Lycophro</span> <span class='ocrx_word' id='word_1_151' title='bbox 1420 2222 1505 2292; x_wconf 89' lang='lat'>1276</span> 
     </span>
     <span class='ocr_line' id='line_1_18' title="bbox 341 2321 1505 2403; baseline 0.002 -22"><span class='ocrx_word' id='word_1_152' title='bbox 341 2343 407 2399; x_wconf 89' lang='lat' dir='ltr'>sqq.</span> <span class='ocrx_word' id='word_1_153' title='bbox 440 2343 505 2382; x_wconf 91' lang='lat' dir='ltr'>eam</span> <span class='ocrx_word' id='word_1_154' title='bbox 538 2325 844 2383; x_wconf 89' lang='lat' dir='ltr'>commemoraverint.</span> <span class='ocrx_word' id='word_1_155' title='bbox 861 2321 885 2403; x_wconf 83' lang='lat'>¹)</span> <span class='ocrx_word' id='word_1_156' title='bbox 931 2326 1017 2399; x_wconf 88' lang='lat' dir='ltr'>Quae</span> <span class='ocrx_word' id='word_1_157' title='bbox 1050 2326 1171 2401; x_wconf 91' lang='lat' dir='ltr'>quidem</span> <span class='ocrx_word' id='word_1_158' title='bbox 1196 2326 1377 2384; x_wconf 91' lang='lat' dir='ltr'>Schmidtius</span> <span class='ocrx_word' id='word_1_159' title='bbox 1408 2328 1505 2400; x_wconf 88' lang='lat' dir='ltr'>praef.</span> 
     </span>
     <span class='ocr_line' id='line_1_19' title="bbox 342 2432 1508 2508; baseline 0.002 -19"><span class='ocrx_word' id='word_1_160' title='bbox 342 2451 371 2507; x_wconf 93' lang='lat' dir='ltr'>p.</span> <span class='ocrx_word' id='word_1_161' title='bbox 396 2433 483 2489; x_wconf 90' lang='lat' dir='ltr'>XXX</span> <span class='ocrx_word' id='word_1_162' title='bbox 506 2432 562 2490; x_wconf 92' lang='lat' dir='ltr'>sibi</span> <span class='ocrx_word' id='word_1_163' title='bbox 586 2442 726 2490; x_wconf 87' lang='lat' dir='ltr'>constans</span> <span class='ocrx_word' id='word_1_164' title='bbox 751 2433 916 2491; x_wconf 89' lang='lat' dir='ltr'>adulterina</span> <span class='ocrx_word' id='word_1_165' title='bbox 940 2451 1004 2491; x_wconf 92' lang='grc'>6556</span> <span class='ocrx_word' id='word_1_166' title='bbox 1027 2443 1119 2508; x_wconf 88' lang='lat' dir='ltr'>putat.</span> <span class='ocrx_word' id='word_1_167' title='bbox 1166 2437 1205 2490; x_wconf 92' lang='lat' dir='ltr'>At</span> <span class='ocrx_word' id='word_1_168' title='bbox 1229 2445 1318 2508; x_wconf 88' lang='lat' dir='ltr'>caput</span> <span class='ocrx_word' id='word_1_169' title='bbox 1346 2436 1417 2502; x_wconf 87' lang='lat'><em>108,</em></span> <span class='ocrx_word' id='word_1_170' title='bbox 1445 2452 1508 2508; x_wconf 92' lang='lat' dir='ltr'>quo</span> 
     </span>
     <span class='ocr_line' id='line_1_20' title="bbox 343 2538 1507 2616; baseline 0.004 -22"><span class='ocrx_word' id='word_1_171' title='bbox 343 2538 437 2613; x_wconf 91' lang='lat' dir='ltr'>agitur</span> <span class='ocrx_word' id='word_1_172' title='bbox 460 2539 497 2596; x_wconf 90' lang='lat' dir='ltr'>de</span> <span class='ocrx_word' id='word_1_173' title='bbox 532 2557 609 2614; x_wconf 89' lang='lat' dir='ltr'>equo</span> <span class='ocrx_word' id='word_1_174' title='bbox 633 2540 776 2609; x_wconf 89' lang='lat' dir='ltr'>Troiano,</span> <span class='ocrx_word' id='word_1_175' title='bbox 810 2551 992 2598; x_wconf 89' lang='lat' dir='ltr'>momentum</span> <span class='ocrx_word' id='word_1_176' title='bbox 1023 2541 1053 2598; x_wconf 92' lang='lat' dir='ltr'>in</span> <span class='ocrx_word' id='word_1_177' title='bbox 1088 2541 1261 2616; x_wconf 90' lang='lat' dir='ltr'>quaestione</span> <span class='ocrx_word' id='word_1_178' title='bbox 1292 2542 1371 2598; x_wconf 89' lang='lat' dir='ltr'>facit.</span> <span class='ocrx_word' id='word_1_179' title='bbox 1420 2543 1507 2599; x_wconf 91' lang='lat' dir='ltr'>Fons</span> 
     </span>
     <span class='ocr_line' id='line_1_21' title="bbox 341 2645 1508 2724; baseline 0.004 -23"><span class='ocrx_word' id='word_1_180' title='bbox 341 2645 515 2704; x_wconf 86' lang='lat' dir='ltr'>narrationis</span> <span class='ocrx_word' id='word_1_181' title='bbox 531 2647 580 2704; x_wconf 90' lang='lat' dir='ltr'>hic</span> <span class='ocrx_word' id='word_1_182' title='bbox 593 2665 713 2721; x_wconf 89' lang='lat' dir='ltr'>quoque</span> <span class='ocrx_word' id='word_1_183' title='bbox 738 2658 815 2707; x_wconf 88' lang='lat' dir='ltr'>certe</span> <span class='ocrx_word' id='word_1_184' title='bbox 835 2648 967 2706; x_wconf 89' lang='lat' dir='ltr'>Graecus</span> <span class='ocrx_word' id='word_1_185' title='bbox 991 2658 1043 2706; x_wconf 91' lang='lat' dir='ltr'>est.</span> <span class='ocrx_word' id='word_1_186' title='bbox 1093 2649 1231 2724; x_wconf 89' lang='lat' dir='ltr'>Hyginus</span> <span class='ocrx_word' id='word_1_187' title='bbox 1252 2651 1369 2723; x_wconf 89' lang='lat' dir='ltr'>Epeum</span> <span class='ocrx_word' id='word_1_188' title='bbox 1385 2648 1508 2706; x_wconf 91' lang='lat' dir='ltr'>monitu</span> 
     </span>
     <span class='ocr_line' id='line_1_22' title="bbox 343 2751 1507 2831; baseline 0.007 -23"><span class='ocrx_word' id='word_1_189' title='bbox 343 2751 495 2810; x_wconf 89' lang='lat' dir='ltr'>Minervae</span> <span class='ocrx_word' id='word_1_190' title='bbox 519 2771 628 2828; x_wconf 91' lang='lat' dir='ltr'>equum</span> <span class='ocrx_word' id='word_1_191' title='bbox 651 2753 781 2828; x_wconf 89' lang='lat' dir='ltr'>ligneum</span> <span class='ocrx_word' id='word_1_192' title='bbox 812 2755 918 2813; x_wconf 87' lang='lat' dir='ltr'>fecisse</span> <span class='ocrx_word' id='word_1_193' title='bbox 942 2755 1030 2814; x_wconf 88' lang='lat' dir='ltr'>tradit</span> <span class='ocrx_word' id='word_1_194' title='bbox 1056 2756 1233 2831; x_wconf 90' lang='lat' dir='ltr'>hypothesin</span> <span class='ocrx_word' id='word_1_195' title='bbox 1256 2756 1357 2814; x_wconf 89' lang='lat' dir='ltr'>Iliadis</span> <span class='ocrx_word' id='word_1_196' title='bbox 1392 2775 1507 2831; x_wconf 89' lang='lat' dir='ltr'>parvae</span> 
     </span>
     <span class='ocr_line' id='line_1_23' title="bbox 342 2856 1507 2946; baseline 0.004 -30"><span class='ocrx_word' id='word_1_197' title='bbox 342 2869 467 2928; x_wconf 81' lang='lat' dir='ltr'>secutus,</span> <span class='ocrx_word' id='word_1_198' title='bbox 492 2861 609 2936; x_wconf 88' lang='lat' dir='ltr'>qualem</span> <span class='ocrx_word' id='word_1_199' title='bbox 633 2863 752 2919; x_wconf 90' lang='lat' dir='ltr'>Proclus</span> <span class='ocrx_word' id='word_1_200' title='bbox 776 2863 881 2921; x_wconf 89' lang='lat' dir='ltr'>chrest.</span> <span class='ocrx_word' id='word_1_201' title='bbox 907 2856 950 2943; x_wconf 88' lang='lat' dir='ltr'>(p.</span> <span class='ocrx_word' id='word_1_202' title='bbox 973 2880 1009 2937; x_wconf 84' lang='lat'>37</span> <span class='ocrx_word' id='word_1_203' title='bbox 1038 2862 1149 2920; x_wconf 87' lang='lat' dir='ltr'>Kinkel</span> <span class='ocrx_word' id='word_1_204' title='bbox 1171 2863 1225 2937; x_wconf 86' lang='lat' dir='ltr'>srg.</span> <span class='ocrx_word' id='word_1_205' title='bbox 1251 2882 1333 2938; x_wconf 81' lang='lat' dir='ltr'>poes</span> <span class='ocrx_word' id='word_1_206' title='bbox 1359 2856 1419 2946; x_wconf 89' lang='lat' dir='ltr'>ep.)</span> <span class='ocrx_word' id='word_1_207' title='bbox 1447 2882 1507 2922; x_wconf 92' lang='lat' dir='ltr'>ser·</span> 
     </span>
    </p>
   </div>
   <div class='ocr_carea' id='block_1_3' title="bbox 340 2962 1507 3585">
    <p class='ocr_par' dir='ltr' id='par_1_4' title="bbox 340 2962 1507 3585">
     <span class='ocr_line' id='line_1_24' title="bbox 341 2962 1507 3055; baseline 0.009 -33"><span class='ocrx_word' id='word_1_208' title='bbox 341 2966 436 3029; x_wconf 84' lang='lat' dir='ltr'>vavit:</span> <span class='ocrx_word' id='word_1_209' title='bbox 469 2962 594 3042; x_wconf 75' lang='grc' dir='ltr'><strong><em>Ἐπειός</em></strong></span> <span class='ocrx_word' id='word_1_210' title='bbox 627 2972 697 3030; x_wconf 82' lang='grc' dir='ltr'><strong><em>κατ’</em></strong></span> <span class='ocrx_word' id='word_1_211' title='bbox 733 2967 877 3052; x_wconf 63' lang='grc' dir='ltr'><em>Ἀθηνᾶς</em></span> <span class='ocrx_word' id='word_1_212' title='bbox 908 2979 1095 3055; x_wconf 79' lang='grc' dir='ltr'><em>προαίρεσιν</em></span> <span class='ocrx_word' id='word_1_213' title='bbox 1127 2964 1184 3030; x_wconf 73' lang='grc' dir='ltr'>τὸν</span> <span class='ocrx_word' id='word_1_214' title='bbox 1218 2966 1364 3048; x_wconf 78' lang='grc' dir='ltr'><em>δούρειον</em></span> <span class='ocrx_word' id='word_1_215' title='bbox 1397 2971 1507 3034; x_wconf 76' lang='grc' dir='ltr'><em>ἵππον</em></span> 
     </span>
     <span class='ocr_line' id='line_1_25' title="bbox 341 3068 1504 3158; baseline 0.001 -24"><span class='ocrx_word' id='word_1_216' title='bbox 341 3068 584 3149; x_wconf 78' lang='grc' dir='ltr'><strong><em>κατασκευάζει.</em></strong></span> <span class='ocrx_word' id='word_1_217' title='bbox 633 3075 723 3134; x_wconf 90' lang='lat' dir='ltr'>Cuius</span> <span class='ocrx_word' id='word_1_218' title='bbox 753 3077 795 3135; x_wconf 90' lang='lat' dir='ltr'>rei</span> <span class='ocrx_word' id='word_1_219' title='bbox 830 3078 973 3135; x_wconf 89' lang='lat' dir='ltr'>memoria</span> <span class='ocrx_word' id='word_1_220' title='bbox 1006 3076 1179 3151; x_wconf 88' lang='lat' dir='ltr'>aVergilio</span> <span class='ocrx_word' id='word_1_221' title='bbox 1194 3071 1221 3158; x_wconf 74' lang='grc'>2)</span> <span class='ocrx_word' id='word_1_222' title='bbox 1251 3077 1410 3135; x_wconf 89' lang='lat' dir='ltr'>obscurata</span> <span class='ocrx_word' id='word_1_223' title='bbox 1449 3088 1504 3136; x_wconf 91' lang='lat' dir='ltr'>est.</span> 
     </span>
     <span class='ocr_line' id='line_1_26' title="bbox 341 3180 1504 3260; baseline 0.005 -24"><span class='ocrx_word' id='word_1_224' title='bbox 341 3180 410 3237; x_wconf 92' lang='lat' dir='ltr'>Alia</span> <span class='ocrx_word' id='word_1_225' title='bbox 443 3199 574 3256; x_wconf 89' lang='lat' dir='ltr'>quoque,</span> <span class='ocrx_word' id='word_1_226' title='bbox 599 3200 674 3257; x_wconf 89' lang='lat' dir='ltr'>quae</span> <span class='ocrx_word' id='word_1_227' title='bbox 705 3183 884 3260; x_wconf 88' lang='lat' dir='ltr'>discrepant,</span> <span class='ocrx_word' id='word_1_228' title='bbox 916 3196 977 3242; x_wconf 88' lang='lat' dir='ltr'>tam</span> <span class='ocrx_word' id='word_1_229' title='bbox 1012 3183 1167 3242; x_wconf 89' lang='lat' dir='ltr'>manifesta</span> <span class='ocrx_word' id='word_1_230' title='bbox 1197 3197 1272 3253; x_wconf 83' lang='lat' dir='ltr'>sunt,</span> <span class='ocrx_word' id='word_1_231' title='bbox 1298 3184 1346 3241; x_wconf 90' lang='lat' dir='ltr'>vix</span> <span class='ocrx_word' id='word_1_232' title='bbox 1378 3195 1409 3242; x_wconf 88' lang='lat' dir='ltr'>ut</span> <span class='ocrx_word' id='word_1_233' title='bbox 1434 3203 1504 3243; x_wconf 90' lang='lat' dir='ltr'>enu-</span> 
     </span>
     <span class='ocr_line' id='line_1_27' title="bbox 341 3291 1505 3367; baseline 0.005 -23"><span class='ocrx_word' id='word_1_234' title='bbox 341 3305 455 3346; x_wconf 89' lang='lat' dir='ltr'>merare</span> <span class='ocrx_word' id='word_1_235' title='bbox 471 3298 617 3363; x_wconf 88' lang='lat' dir='ltr'>oporteat.</span> <span class='ocrx_word' id='word_1_236' title='bbox 654 3291 836 3349; x_wconf 87' lang='lat' dir='ltr'>Laocoontis</span> <span class='ocrx_word' id='word_1_237' title='bbox 860 3311 916 3363; x_wconf 86' lang='lat' dir='ltr'>res,</span> <span class='ocrx_word' id='word_1_238' title='bbox 934 3311 1008 3367; x_wconf 90' lang='lat' dir='ltr'>quas</span> <span class='ocrx_word' id='word_1_239' title='bbox 1024 3291 1172 3365; x_wconf 88' lang='lat' dir='ltr'>Vergilius</span> <span class='ocrx_word' id='word_1_240' title='bbox 1197 3309 1263 3348; x_wconf 90' lang='lat' dir='ltr'>cum</span> <span class='ocrx_word' id='word_1_241' title='bbox 1280 3293 1505 3367; x_wconf 85' lang='lat' dir='ltr'>expugnatione</span> 
     </span>
     <span class='ocr_line' id='line_1_28' title="bbox 342 3391 1506 3479; baseline 0.006 -28"><span class='ocrx_word' id='word_1_242' title='bbox 342 3394 449 3452; x_wconf 90' lang='lat' dir='ltr'>Troiae</span> <span class='ocrx_word' id='word_1_243' title='bbox 474 3396 618 3455; x_wconf 87' lang='lat' dir='ltr'>artissime</span> <span class='ocrx_word' id='word_1_244' title='bbox 642 3398 804 3473; x_wconf 89' lang='lat' dir='ltr'>coniungit,</span> <span class='ocrx_word' id='word_1_245' title='bbox 830 3399 868 3456; x_wconf 92' lang='lat' dir='ltr'>ab</span> <span class='ocrx_word' id='word_1_246' title='bbox 891 3399 1013 3474; x_wconf 92' lang='lat' dir='ltr'>Hygino</span> <span class='ocrx_word' id='word_1_247' title='bbox 1027 3391 1051 3476; x_wconf 80' lang='lat'>³)</span> <span class='ocrx_word' id='word_1_248' title='bbox 1075 3398 1232 3472; x_wconf 90' lang='lat' dir='ltr'>separatim</span> <span class='ocrx_word' id='word_1_249' title='bbox 1258 3391 1293 3479; x_wconf 85' lang='lat' dir='ltr'>(c.</span> <span class='ocrx_word' id='word_1_250' title='bbox 1325 3396 1395 3476; x_wconf 82' lang='lat'>135)</span> <span class='ocrx_word' id='word_1_251' title='bbox 1419 3417 1506 3458; x_wconf 88' lang='lat' dir='ltr'>enar·</span> 
     </span>
     <span class='ocr_line' id='line_1_29' title="bbox 340 3500 1504 3585; baseline 0.005 -26"><span class='ocrx_word' id='word_1_252' title='bbox 340 3512 447 3559; x_wconf 90' lang='lat' dir='ltr'>rantur.</span> <span class='ocrx_word' id='word_1_253' title='bbox 497 3503 588 3576; x_wconf 89' lang='lat' dir='ltr'>Quod</span> <span class='ocrx_word' id='word_1_254' title='bbox 620 3523 688 3562; x_wconf 91' lang='lat' dir='ltr'>vero</span> <span class='ocrx_word' id='word_1_255' title='bbox 719 3505 758 3563; x_wconf 91' lang='lat' dir='ltr'>de</span> <span class='ocrx_word' id='word_1_256' title='bbox 781 3506 951 3564; x_wconf 84' lang='lat' dir='ltr'>Cassandra</span> <span class='ocrx_word' id='word_1_257' title='bbox 982 3505 1162 3563; x_wconf 88' lang='lat' dir='ltr'>vociferante</span> <span class='ocrx_word' id='word_1_258' title='bbox 1193 3516 1315 3579; x_wconf 90' lang='lat' dir='ltr'>uterque</span> <span class='ocrx_word' id='word_1_259' title='bbox 1337 3500 1428 3585; x_wconf 87' lang='lat' dir='ltr'>(Aen.</span> <span class='ocrx_word' id='word_1_260' title='bbox 1464 3509 1504 3577; x_wconf 81' lang='grc' dir='ltr'>ΙΙ,</span> 
     </span>
    </p>
   </div>
   <div class='ocr_carea' id='block_1_4' title="bbox 340 3695 654 3706">
    <p class='ocr_par' dir='ltr' id='par_1_5' title="bbox 340 3695 654 3706">
     <span class='ocr_line' id='line_1_30' title="bbox 340 3695 654 3706; baseline 0.01 -3"><span class='ocrx_word' id='word_1_261' title='bbox 340 3695 654 3706; x_wconf 74' lang='grc'>--.--</span> 
     </span>
    </p>
   </div>
   <div class='ocr_carea' id='block_1_5' title="bbox 340 3821 1504 4064">
    <p class='ocr_par' dir='ltr' id='par_1_6' title="bbox 340 3821 1504 4064">
     <span class='ocr_line' id='line_1_31' title="bbox 340 3821 1503 3893; baseline 0.008 -27"><span class='ocrx_word' id='word_1_262' title='bbox 340 3824 405 3868; x_wconf 75' lang='lat' dir='ltr'>wiire</span> <span class='ocrx_word' id='word_1_263' title='bbox 425 3835 490 3867; x_wconf 87' lang='lat' dir='ltr'>zwar</span> <span class='ocrx_word' id='word_1_264' title='bbox 508 3821 626 3886; x_wconf 77' lang='lat' dir='ltr'>moglich,</span> <span class='ocrx_word' id='word_1_265' title='bbox 649 3821 706 3872; x_wconf 87' lang='lat' dir='ltr'>dass</span> <span class='ocrx_word' id='word_1_266' title='bbox 726 3824 831 3871; x_wconf 83' lang='lat' dir='ltr'>anchin</span> <span class='ocrx_word' id='word_1_267' title='bbox 861 3824 942 3871; x_wconf 89' lang='lat' dir='ltr'>dieser</span> <span class='ocrx_word' id='word_1_268' title='bbox 969 3823 1066 3872; x_wconf 89' lang='lat' dir='ltr'>version</span> <span class='ocrx_word' id='word_1_269' title='bbox 1095 3823 1139 3871; x_wconf 90' lang='lat' dir='ltr'>der</span> <span class='ocrx_word' id='word_1_270' title='bbox 1167 3830 1235 3871; x_wconf 89' lang='lat' dir='ltr'>vater</span> <span class='ocrx_word' id='word_1_271' title='bbox 1264 3823 1375 3888; x_wconf 67' lang='lat' dir='ltr'>mulsam,</span> <span class='ocrx_word' id='word_1_272' title='bbox 1407 3825 1443 3872; x_wconf 91' lang='lat' dir='ltr'>sei</span> <span class='ocrx_word' id='word_1_273' title='bbox 1465 3842 1503 3893; x_wconf 79' lang='lat' dir='ltr'>es,</span> 
     </span>
     <span class='ocr_line' id='line_1_32' title="bbox 341 3908 1504 3978; baseline 0.009 -23"><span class='ocrx_word' id='word_1_274' title='bbox 341 3908 398 3957; x_wconf 87' lang='lat' dir='ltr'>dass</span> <span class='ocrx_word' id='word_1_275' title='bbox 416 3924 451 3974; x_wconf 69' lang='lat' dir='ltr'>er,</span> <span class='ocrx_word' id='word_1_276' title='bbox 473 3910 520 3959; x_wconf 85' lang='lat' dir='ltr'>wie</span> <span class='ocrx_word' id='word_1_277' title='bbox 538 3912 578 3959; x_wconf 92' lang='lat' dir='ltr'>bei</span> <span class='ocrx_word' id='word_1_278' title='bbox 598 3912 692 3978; x_wconf 78' lang='lat' dir='ltr'>Vergil,</span> <span class='ocrx_word' id='word_1_279' title='bbox 714 3912 762 3960; x_wconf 90' lang='lat' dir='ltr'>den</span> <span class='ocrx_word' id='word_1_280' title='bbox 781 3913 881 3960; x_wconf 83' lang='lat' dir='ltr'>lrnaben</span> <span class='ocrx_word' id='word_1_281' title='bbox 912 3913 972 3961; x_wconf 84' lang='lat' dir='ltr'>hille</span> <span class='ocrx_word' id='word_1_282' title='bbox 1001 3911 1107 3975; x_wconf 81' lang='lat' dir='ltr'>bringeri</span> <span class='ocrx_word' id='word_1_283' title='bbox 1133 3913 1218 3960; x_wconf 86' lang='lat' dir='ltr'>wollte</span> <span class='ocrx_word' id='word_1_284' title='bbox 1239 3915 1290 3959; x_wconf 89' lang='lat' dir='ltr'>und</span> <span class='ocrx_word' id='word_1_285' title='bbox 1318 3912 1393 3960; x_wconf 88' lang='lat' dir='ltr'>dabei</span> <span class='ocrx_word' id='word_1_286' title='bbox 1422 3914 1504 3964; x_wconf 88' lang='lat' dir='ltr'>selbst</span> 
     </span>
     <span class='ocr_line' id='line_1_33' title="bbox 341 3998 933 4064; baseline 0.008 -18"><span class='ocrx_word' id='word_1_287' title='bbox 341 4013 391 4046; x_wconf 87' lang='lat' dir='ltr'>von</span> <span class='ocrx_word' id='word_1_288' title='bbox 410 3998 462 4047; x_wconf 84' lang='lat' dir='ltr'>den</span> <span class='ocrx_word' id='word_1_289' title='bbox 482 4000 618 4064; x_wconf 89' lang='lat' dir='ltr'>schlangen</span> <span class='ocrx_word' id='word_1_290' title='bbox 637 4001 766 4049; x_wconf 89' lang='lat' dir='ltr'>umstriekt</span> <span class='ocrx_word' id='word_1_291' title='bbox 785 4002 867 4050; x_wconf 90' lang='lat' dir='ltr'>wurde</span> <span class='ocrx_word' id='word_1_292' title='bbox 886 4010 933 4054; x_wconf 89' lang='lat' dir='ltr'>etc.</span> 
     </span>
    </p>
   </div>
   <div class='ocr_carea' id='block_1_6' title="bbox 341 4102 1502 4244">
    <p class='ocr_par' dir='ltr' id='par_1_7' title="bbox 341 4102 1502 4244">
     <span class='ocr_line' id='line_1_34' title="bbox 447 4102 1502 4176; baseline 0.007 -21"><span class='ocrx_word' id='word_1_293' title='bbox 447 4102 570 4168; x_wconf 74' lang='grc' dir='ltr'>1&gt;Μει655</span> <span class='ocrx_word' id='word_1_294' title='bbox 598 4108 629 4156; x_wconf 91' lang='lat' dir='ltr'>de</span> <span class='ocrx_word' id='word_1_295' title='bbox 649 4108 798 4171; x_wconf 89' lang='lat' dir='ltr'>Sibyllarum</span> <span class='ocrx_word' id='word_1_296' title='bbox 826 4109 898 4157; x_wconf 88' lang='lat' dir='ltr'>indd.</span> <span class='ocrx_word' id='word_1_297' title='bbox 928 4125 953 4172; x_wconf 92' lang='lat' dir='ltr'>p.</span> <span class='ocrx_word' id='word_1_298' title='bbox 976 4110 1009 4172; x_wconf 83' lang='lat'>36</span> <span class='ocrx_word' id='word_1_299' title='bbox 1028 4125 1059 4168; x_wconf 82' lang='lat' dir='ltr'>s,</span> <span class='ocrx_word' id='word_1_300' title='bbox 1082 4109 1276 4157; x_wconf 71' lang='lat' dir='ltr'>Helles-Robert</span> <span class='ocrx_word' id='word_1_301' title='bbox 1304 4126 1340 4172; x_wconf 89' lang='lat' dir='ltr'>gr.</span> <span class='ocrx_word' id='word_1_302' title='bbox 1371 4110 1451 4172; x_wconf 86' lang='lat' dir='ltr'>myth.</span> <span class='ocrx_word' id='word_1_303' title='bbox 1476 4130 1502 4176; x_wconf 91' lang='lat' dir='ltr'>p.</span> 
     </span>
     <span class='ocr_line' id='line_1_35' title="bbox 341 4193 484 4244; baseline 0.014 -2"><span class='ocrx_word' id='word_1_304' title='bbox 341 4193 391 4244; x_wconf 86' lang='lat'>282</span> <span class='ocrx_word' id='word_1_305' title='bbox 411 4211 436 4242; x_wconf 92' lang='lat' dir='ltr'>n.</span> <span class='ocrx_word' id='word_1_306' title='bbox 462 4208 484 4244; x_wconf 94' lang='lat'>1.</span> 
     </span>
    </p>
   </div>
   <div class='ocr_carea' id='block_1_7' title="bbox 447 4298 654 4368">
    <p class='ocr_par' dir='ltr' id='par_1_8' title="bbox 447 4298 654 4368">
     <span class='ocr_line' id='line_1_36' title="bbox 447 4298 654 4368; baseline 0.01 -18"><span class='ocrx_word' id='word_1_307' title='bbox 447 4298 468 4368; x_wconf 74' lang='lat'>²)</span> <span class='ocrx_word' id='word_1_308' title='bbox 486 4305 553 4351; x_wconf 88' lang='lat' dir='ltr'>Aen.</span> <span class='ocrx_word' id='word_1_309' title='bbox 573 4305 605 4362; x_wconf 85' lang='grc' dir='ltr'>ΙΙ,</span> <span class='ocrx_word' id='word_1_310' title='bbox 625 4315 654 4367; x_wconf 85' lang='lat'>15</span> 
     </span>
    </p>
   </div>
   <div class='ocr_carea' id='block_1_8' title="bbox 446 4393 961 4531">
    <p class='ocr_par' dir='ltr' id='par_1_9' title="bbox 446 4393 961 4531">
     <span class='ocr_line' id='line_1_37' title="bbox 446 4393 961 4455; baseline 0.01 -16"><span class='ocrx_word' id='word_1_311' title='bbox 446 4408 560 4455; x_wconf 87' lang='lat' dir='ltr'>equum</span> <span class='ocrx_word' id='word_1_312' title='bbox 579 4393 697 4441; x_wconf 86' lang='lat' dir='ltr'>divina</span> <span class='ocrx_word' id='word_1_313' title='bbox 717 4394 873 4443; x_wconf 86' lang='lat' dir='ltr'>Palladis</span> <span class='ocrx_word' id='word_1_314' title='bbox 893 4406 961 4444; x_wconf 84' lang='lat' dir='ltr'>arte</span> 
     </span>
     <span class='ocr_line' id='line_1_38' title="bbox 447 4480 645 4531; baseline 0.015 -3"><span class='ocrx_word' id='word_1_315' title='bbox 447 4480 645 4531; x_wconf 81' lang='lat' dir='ltr'>aedificant.</span> 
     </span>
    </p>
   </div>
   <div class='ocr_carea' id='block_1_9' title="bbox 446 4565 1054 4639">
    <p class='ocr_par' dir='ltr' id='par_1_10' title="bbox 446 4565 1054 4639">
     <span class='ocr_line' id='line_1_39' title="bbox 446 4565 1054 4639; baseline 0.012 -21"><span class='ocrx_word' id='word_1_316' title='bbox 446 4565 469 4636; x_wconf 77' lang='lat'>³)</span> <span class='ocrx_word' id='word_1_317' title='bbox 487 4571 581 4620; x_wconf 86' lang='lat' dir='ltr'>Robert</span> <span class='ocrx_word' id='word_1_318' title='bbox 599 4571 653 4622; x_wconf 90' lang='lat' dir='ltr'>bild</span> <span class='ocrx_word' id='word_1_319' title='bbox 671 4589 695 4621; x_wconf 90' lang='lat' dir='ltr'>u.</span> <span class='ocrx_word' id='word_1_320' title='bbox 716 4572 767 4620; x_wconf 91' lang='lat' dir='ltr'>lied</span> <span class='ocrx_word' id='word_1_321' title='bbox 786 4589 811 4636; x_wconf 94' lang='lat' dir='ltr'>p.</span> <span class='ocrx_word' id='word_1_322' title='bbox 837 4575 893 4636; x_wconf 84' lang='lat'>196,</span> <span class='ocrx_word' id='word_1_323' title='bbox 915 4591 941 4638; x_wconf 92' lang='lat' dir='ltr'>p.</span> <span class='ocrx_word' id='word_1_324' title='bbox 964 4588 1013 4639; x_wconf 88' lang='lat'>203</span> <span class='ocrx_word' id='word_1_325' title='bbox 1033 4593 1054 4626; x_wconf 89' lang='lat' dir='ltr'>s.</span> 
     </span>
    </p>
   </div>
   <div class='ocr_carea' id='block_1_10' title="bbox 0 0 1572 5354">
    <p class='ocr_par' dir='ltr' id='par_1_11' title="bbox 0 0 1572 5354">
     <span class='ocr_line' id='line_1_40' title="bbox 0 0 1572 5354; baseline 0 0"><span class='ocrx_word' id='word_1_326' title='bbox 0 0 1572 5354; x_wconf 95' lang='lat' dir='ltr'> </span> 
     </span>
    </p>
   </div>
  </div>
 </body>
</html>
