3136 5354
676 388 895 448 ..43-

166 624 168 665 Ι
219 564 268 628 tab,
295 591 309 629 2
337 562 400 653 (39.
429 571 476 650 2):
501 590 588 646 quom
610 571 696 628 Le'ber
716 571 897 628 Leucotheam
913 568 1001 626 ualeat
1015 567 1161 644 appellari,
1178 586 1227 626 uos
1249 572 1366 624 matrem

224 674 351 738 Matutam
382 682 514 750 dicimus,
547 679 704 736 Melicerten
737 685 829 736 autem
864 677 943 734 deum
966 677 1182 744 Palaemonem,
1206 695 1285 751 quem
1317 693 1367 734 uos

227 782 363 846 Portunum
385 789 508 845 dicimur.

313 897 390 954 FaSt·
414 897 499 971 VI>5
529 911 653 971 5-547

312 1003 464 1061 Leucothea
491 1002 588 1071 Grati,
612 1002 728 1058 Matuta
751 1002 878 1058 vocabere
900 1002 1020 1059 uostris:

312 1113 341 1169 iu
354 1117 456 1186 portus
478 1118 545 1168 nato
566 1112 610 1167 ius
632 1111 686 1167 erit
705 1128 784 1166 actone
805 1116 860 1167 tua.

313 1238 392 1293 quem
414 1237 464 1276 uos
487 1219 654 1286 Portunum,
677 1237 730 1274 sua
753 1218 852 1291 le'ugua
875 1217 1050 1273 Palaemona
1073 1216 1146 1273 de'cet.

313 1328 374 1384 Iam
407 1325 542 1402 quaestio
573 1324 700 1395 exsistit,
734 1343 804 1381 num
837 1323 968 1398 genuina
999 1323 1058 1381 sint
1088 1323 1189 1381 verba.
1248 1321 1365 1379 Fabula

216 1430 299 1502 enim,
323 1434 421 1509 quade
444 1433 548 1508 agitur,
574 1442 690 1507 praeter
713 1433 792 1489 hunc
822 1432 922 1488 locum
955 1431 1102 1506 capitibus
1127 1449 1146 1502 4
1170 1441 1199 1489 et
1226 1444 1240 1504 5
1267 1429 1366 1487 denuo

211 1534 314 1599 iisdem
349 1543 410 1600 fere
445 1541 542 1599 verbis
579 1549 738 1598 enarratur.
787 1540 883 1614 Caput
914 1558 932 1610 4
969 1538 1099 1613 spurium
1129 1556 1193 1596 esse
1223 1536 1367 1594 Bursiano

205 1658 366 1715 praeeunte
401 1647 605 1706 iudicavimus.
652 1649 690 1704 Et
721 1646 790 1721 quia
824 1645 915 1721 capiti
942 1666 956 1702 2
981 1646 1074 1704 verba
1107 1655 1186 1704 certe
1215 1644 1295 1702 haud
1328 1643 1368 1701 ita

201 1763 280 1823 apte
300 1755 483 1832 agglutinata
505 1765 581 1829 sunt,
605 1754 781 1812 narrationis
804 1763 902 1812 autem
926 1754 1000 1812 ordo
1034 1763 1063 1811 et
1086 1752 1238 1828 inscriptio
1262 1749 1368 1825 capitis

200 1868 212 1927 5
252 1862 329 1921 hunc
351 1865 451 1922 locum
474 1863 634 1938 postulant,
659 1861 783 1921 dubium
806 1880 867 1918 non
891 1861 1006 1919 videtur
1029 1879 1104 1930 esse,
1122 1859 1193 1935 quin
1211 1858 1282 1917 olim
1298 1858 1367 1915 loco

197 1971 311 2044 capitis
337 1987 364 2046 5,
391 1972 473 2046 quod
496 1988 576 2028 nunc
598 1971 789 2028 vehementer
812 1968 976 2026 mutilatum
1000 1978 1052 2040 est,
1079 1967 1206 2043 amplior
1238 1964 1368 2023 narratio

196 2066 247 2129 de
280 2078 467 2136 Athamantis
499 2077 615 2136 insanIa
647 2079 778 2151 Inusquc
807 2076 895 2134 rebus
926 2076 1019 2136 fuerit.
1035 2070 1061 2158 ¹)
1107 2075 1167 2134 Sed
1200 2082 1367 2150 propterea,

196 2191 286 2248 <luae
317 2187 348 2244 in
383 2197 513 2245 extremo
549 2185 647 2261 capite
684 2205 698 2241 2
736 2183 932 2253 inveniuntur,
963 2201 998 2242 ea
1027 2203 1081 2258 pro
1121 2182 1226 2258 spuriis
1257 2179 1368 2238 habere

198 2293 370 2351 nonlicet.
419 2293 488 2350 Non
523 2292 709 2367 interpolata,
735 2292 788 2350 sed
812 2310 829 2350 e
852 2290 977 2367 pristino
1010 2290 1107 2367 capite
1133 2307 1147 2366 5
1175 2289 1245 2346 illuc
1277 2297 1369 2346 nans·

200 2386 269 2456 lata
290 2409 369 2457 sunt:
413 2400 515 2458 Verba
539 2400 627 2470 enim,
653 2400 691 2458 de
715 2398 823 2473 quibus
848 2398 952 2473 agitur,
977 2398 1106 2474 genuina
1130 2415 1194 2456 esse
1227 2404 1370 2455 testantur

205 2515 237 2561 C.
266 2523 320 2583 125
349 2499 435 2590 (109.
463 2506 505 2584 7):
532 2508 690 2576 Leucothoe,
714 2527 800 2581 quam
823 2526 872 2564 uas
896 2514 1013 2563 matrem
1028 2507 1174 2562 Matutam
1195 2505 1318 2571 dictutus,
1340 2513 1370 2561 et

211 2626 238 2669 C.
265 2635 323 2688 224
349 2606 435 2696 (132.
466 2613 532 2692 15):
557 2615 749 2683 Leucotheam,
765 2634 852 2689 quum
874 2633 924 2671 uos
940 2621 1056 2671 matmm
1072 2614 1219 2670 Matutam
1237 2612 1371 2681 dc'u‘mur,·

215 2716 289 2781 Serv.
314 2723 354 2781 ad
377 2726 453 2782 Aen.
478 2725 516 2793 V,
535 2742 605 2794 241.

315 2830 450 2889 Alterum
474 2830 641 2905 exemplum
666 2829 792 2900 fabulae,
818 2847 895 2904 quae
917 2829 956 2886 de
979 2827 1132 2903 Meleagro
1157 2836 1233 2896 sunt,
1265 2844 1369 2901 suppe-

218 2935 313 2996 ditant.
363 2938 470 3014 Capita
497 2955 565 3011 171.
598 2955 655 3011 172
681 2937 812 3012 genuina
834 2955 899 2995 esse
916 2947 945 2994 et
961 2935 1140 3011 exemplaria
1156 2935 1262 3011 prioris
1279 2933 1370 3009 partis

218 3045 312 3120 capitis
341 3062 401 3118 174
426 3045 497 3103 inde
520 3045 662 3120 repetitae
694 3062 782 3120 supra
814 3043 951 3102 vidimus.
999 3044 1052 3114 Ea,
1089 3061 1166 3117 quae
1190 3024 1373 3100 Schmidtius¹

217 3169 276 3210 cum
298 3151 470 3210 narratione
494 3152 643 3211 Ovidiana
677 3161 745 3210 met.
770 3154 853 3222 VIII,
875 3154 1045 3227 260-546
1083 3150 1216 3221 contulit,
1253 3158 1369 3224 praeter

217 3275 299 3318 unum
323 3261 448 3318 sortasse
471 3258 584 3318 leviora
607 3269 693 3319 sunt:
718 3260 809 3319 verba
843 3260 963 3318 fabulae
992 3277 1049 3333 172
1081 3259 1187 3316 Oemur
1209 3276 1269 3314 cum
1295 3303 1301 3314 .
1328 3303 1334 3314 .
1361 3303 1367 3314 .

216 3365 342 3426 Diauum
359 3369 551 3443 praeterierat
578 3367 726 3443 respicere
760 3366 896 3425 videntur
920 3367 1021 3427 Ovidii
1052 3384 1169 3425 versum
1195 3369 1255 3439 278
1284 3375 1368 3441 prue-

216 3477 304 3534 teu'tae
329 3523 335 3533 .
363 3521 369 3533 .
394 3475 536 3533 [aloidas.
552 3469 576 3554 2)
623 3475 683 3533 Sed
715 3477 773 3534 hoc
808 3475 903 3550 magis
927 3475 966 3532 ad
1002 3474 1201 3533 elocutionem
1236 3483 1368 3549 spectat:

216 3583 290 3642 aliud
313 3581 456 3658 gravioris
480 3582 624 3641 momenti
648 3592 700 3640 est.
748 3583 877 3640 Althaea
913 3583 1011 3658 capite
1038 3601 1095 3656 171
1133 3581 1246 3657 lignum
1280 3581 1369 3640 fatale

217 3686 244 3746 in
264 3690 364 3750 media
387 3689 478 3764 regia,
503 3690 599 3765 capite
627 3708 687 3764 174
713 3682 755 3773 (in
778 3690 908 3765 genuina
943 3709 1063 3765 quoquc
1086 3699 1167 3765 parte
1191 3710 1220 3765 p.
1248 3688 1369 3766 29·19)

217 3794 332 3856 inarca
356 3816 488 3856 servasse
512 3798 628 3857 dicitur.
677 3797 746 3871 Qua
769 3797 978 3873 discrepantia,
1015 3797 1149 3872 quamvis
1184 3797 1256 3856 levis
1290 3796 1369 3856 vide-

220 3964 526 4028 -—--lr

318 4113 338 4184 1)
357 4117 427 4165 Idem
448 4116 584 4181 suspicatus
604 4123 640 4166 est
658 4115 812 4166 Ribbeckius
831 4121 893 4165 rom.
914 4123 978 4180 trag.
999 4131 1026 4179 p.
1047 4128 1080 4178 33
1099 4131 1125 4164 n.
1147 4124 1190 4178 25.

319 4202 340 4273 ²)
360 4207 475 4270 Hyginus
495 4207 622 4270 exemplar
640 4207 763 4256 Graecum
781 4206 872 4255 auxillo
891 4213 980 4269 poetae
1006 4213 1100 4255 vertere
1118 4205 1229 4254 videtur:
1252 4205 1285 4254 cf.
1306 4206 1367 4255 Luc.

220 4307 322 4359 napos.
345 4305 390 4359 25:
413 4292 472 4362 ὄψει
491 4293 545 4365 ydp
564 4297 608 4346 καὶ
632 4293 680 4360 τήν
694 4295 813 4366 Ἄρτεμιν
837 4292 1048 4364 ἆγανακτοῦσαν,
1067 4290 1107 4346 ὅτι
1125 4291 1212 4364 μόνην
1236 4290 1320 4358 αὐτήν
1338 4289 1369 4344 οὗ

222 4384 360 4453 παρέλαβεν
378 4385 475 4444 ἐκεῖνος
493 4386 535 4437 ἐπὶ
554 4383 602 4450 τήν
620 4390 720 4437 θυσίαν
738 4381 799 4444 τούς
817 4382 913 4442 ἄλλους
931 4381 1011 4442 θεοὺς
1029 4383 1128 4436 ἑστιῶν.
1165 4385 1247 4434 Locus
1259 4384 1370 4448 poeticus

222 4482 336 4532 praeterea
354 4478 498 4526 obversatur
516 4477 623 4540 Apuleio
643 4487 702 4531 met.
720 4477 757 4524 IV
777 4489 820 4543 29,
842 4476 863 4524 si
881 4475 1023 4524 coniectura
1037 4474 1217 4527 Hildebrandii
1236 4481 1365 4526 recteest:

224 4573 303 4614 sacra
322 4565 396 4616 diae
414 4574 672 4633 praetereuntur
690 4564 854 4638 (perferuntur
871 4565 913 4632 F.)
