3136 5354
668 385 887 439 „24-

196 565 323 642 plurima
346 565 376 622 in
400 564 643 640 genealogiarum
666 565 792 622 formam
809 565 933 641 redegit,
952 566 1095 624 nonnulla
1118 566 1213 624 libero
1239 563 1354 624 arbitrio

197 673 308 732 addere
331 692 392 730 non
416 673 540 731 licuerit.
588 675 628 729 At
643 683 826 747 argumenta,
845 693 921 748 quae
945 675 989 731 vir
1005 674 1212 750 sagacissimus
1229 675 1354 748 protulit,

197 791 227 839 ut
250 780 428 838 sententiam
451 800 534 838 suam
560 781 778 856 comprobaret,
804 783 937 856 profecto
968 783 1049 840 haud
1081 792 1149 840 sunt
1181 782 1354 856 spernenda.

197 889 275 946 Nam
299 905 365 944 cum
391 882 528 962 Hyginus
551 888 581 945 in
612 888 794 945 astronomia
825 907 857 945 se
880 889 919 945 de
949 889 1040 946 tribus
1070 888 1177 962 mythis
1210 889 1270 946 alio
1294 889 1356 946 loco

197 997 343 1056 dicturum
368 1019 431 1058 esse
455 1000 616 1075 promittat,
643 1000 693 1075 qui
716 1000 776 1057 loci
800 1000 923 1058 omnino
956 1001 995 1058 ad
1018 1000 1231 1059 astronomiam
1262 999 1357 1058 referri

197 1125 258 1164 non
275 1117 409 1180 possunt,
427 1107 576 1182 Robertus
594 1107 746 1166 concludit
758 1108 925 1166 fabulamur
948 1109 1056 1166 librum
1073 1107 1181 1182 respici
1198 1108 1236 1165 ab
1255 1107 1357 1165 eodem

198 1213 320 1288 Hygino
344 1224 411 1290 post
439 1215 632 1291 genealogias
665 1224 693 1273 et
717 1215 930 1272 astronomiam
963 1215 1173 1290 conscriptum,
1207 1214 1273 1272 seds
1295 1225 1358 1271 ante

197 1321 334 1380 Dosithei
359 1332 486 1380 aetatem
510 1342 577 1380 cum
609 1324 701 1380 altero
731 1322 807 1380 libro
832 1324 1078 1400 conglutinatum.
1125 1324 1165 1379 At
1197 1321 1289 1379 miror
1317 1340 1357 1390 ea,

199 1448 276 1503 quae
300 1429 330 1486 in
355 1429 536 1488 astronomia
555 1430 723 1498 laudantur,
741 1430 771 1486 in
794 1440 897 1488 nostro
914 1432 1079 1488 fabularum
1103 1429 1180 1486 libro
1198 1448 1260 1485 non
1285 1429 1357 1487 inve·

197 1537 263 1593 niri.
312 1536 396 1610 Quid
412 1537 511 1595 Diana
528 1547 595 1612 post
612 1536 733 1595 Orionis
750 1547 875 1595 mortem
892 1538 993 1596 fecerit
1010 1535 1088 1613 (astr.
1107 1538 1136 1593 ΙΙ
1162 1536 1225 1613 34),
1244 1537 1359 1594 fabulae

198 1661 345 1718 nusquam
363 1643 516 1702 indicant:
541 1662 640 1718 neque
657 1642 695 1701 de
713 1644 856 1719 Gorgone
872 1642 956 1719 (ibid.
983 1646 1011 1701 ll
1032 1643 1085 1725 12)
1097 1661 1195 1718 neque
1209 1643 1246 1701 de
1264 1643 1359 1700 Phrixi

198 1752 277 1826 pelle
301 1769 388 1808 aurea
413 1749 452 1827 (ΙΙ
478 1749 528 1829 20)
553 1751 714 1825 quicquam
738 1750 769 1807 in
792 1751 900 1808 fabulis
924 1751 1108 1826 proponitur,
1134 1751 1216 1825 quod
1247 1770 1310 1808 non
1333 1751 1360 1807 in

198 1859 380 1917 astronomia
403 1869 553 1916 narratum
576 1858 622 1915 sit.
670 1858 749 1915 Num
773 1877 861 1933 porro
878 1858 1048 1933 putabimus
1072 1857 1246 1933 scriptorem
1271 1877 1303 1915 se
1326 1858 1360 1916 de

199 1967 305 2025 Graeis
330 1968 506 2043 Gorgonum
531 1965 703 2024 custodibus
727 1964 806 2042 (astr.
831 1967 860 2023 II
889 1965 938 2041 12)
968 1966 999 2022 in
1025 1963 1219 2040 Genealogiis
1243 1964 1360 2036 dixisse,

199 2075 237 2133 de
255 2075 398 2149 Gorgone
421 2073 451 2131 in
476 2074 583 2131 fabulis
607 2073 754 2131 dicturum
779 2092 842 2131 esse
866 2073 1052 2148 significare?
1099 2071 1144 2130 Ne
1168 2073 1276 2146 longus
1298 2073 1360 2142 sim,

199 2181 257 2239 loci
282 2181 324 2238 illi
340 2180 508 2239 difficillimi
532 2179 685 2256 quomodo
703 2180 761 2237 sint
784 2179 963 2255 explicandi,
981 2179 1144 2238 diiudicare
1168 2198 1230 2236 non
1255 2180 1361 2250 aude0,

199 2288 372 2363 praesertim
395 2308 463 2346 curn
487 2288 517 2345 in
545 2287 726 2345 astronomia
750 2306 811 2344 non
842 2288 965 2344 multum
989 2298 1118 2344 versatus
1151 2286 1223 2344 sim:
1249 2304 1301 2344 eos
1326 2287 1363 2344 ad

199 2405 314 2472 partem
330 2396 408 2465 libri,
426 2414 515 2470 quern
532 2415 587 2453 nos
603 2396 756 2464 habemus,
775 2404 909 2469 spectare
925 2394 986 2451 veri
1003 2393 1233 2452 dissimillimum
1249 2393 1364 2452 videtur
1383 2453 1397 2473 1

199 2522 273 2562 esse.
320 2504 385 2561 Nec
409 2504 499 2561 credo
523 2513 591 2564 ante
608 2501 745 2560 Dosithei
769 2511 896 2560 aetatem
916 2502 1023 2558 librum
1047 2510 1201 2576 tantopere
1218 2509 1361 2558 mutatum

200 2630 273 2669 esse.
323 2611 485 2684 Quomodo
510 2610 639 2685 denique
655 2611 765 2668 factum
790 2628 854 2667 esse
879 2608 1071 2678 existimabis,
1089 2618 1120 2666 ut
1143 2607 1212 2664 libri
1234 2607 1361 2683 primum

203 2718 469 2791 Gerzeulogr'ae
507 2727 535 2775 et
576 2717 779 2785 Fabulae,
808 2715 917 2774 deinde
948 2714 1085 2772 Dosithei
1120 2724 1216 2773 aetate
1250 2715 1352 2772 Gerre

199 2847 218 2884 rr
230 2827 243 2882 l
249 2846 293 2900 og
300 2828 359 2895 ia,
376 2835 438 2882 tum
454 2824 579 2900 posteris
603 2823 785 2899 temporibus
802 2823 906 2881 iterum
929 2823 1106 2879 Fabulae
1122 2820 1361 2896 appellarentur?
