3136 5354
677 406 897 468 -sr--

194 580 256 640 alio
284 582 361 642 loco
385 583 545 665 (111,314)
567 584 635 662 egit.
661 620 704 629 --
728 589 797 646 Non
822 588 927 665 ignoro
951 600 1040 666 caput
1069 596 1125 651 182
1151 592 1290 670 gravibus
1306 614 1367 655 cor-

194 693 327 768 ruptelis
352 693 497 754 laborare.
513 690 535 773 ¹)
582 695 659 753 Nam
683 707 712 754 et
735 695 813 754 lovis
836 697 994 755 nutricium
1019 700 1130 758 mentio
1154 701 1254 777 inepte
1269 703 1368 778 agglu·

194 798 297 857 tinata
320 811 367 858 est
391 811 419 858 et
443 802 587 860 nonnulla
609 803 807 878 nympharum
830 805 953 863 nomina
977 806 1194 866 dubitationem
1230 809 1367 880 excitant,

196 908 311 965 Eratus
336 917 366 966 et
389 909 599 984 Polyhymnus,
626 929 703 985 quae
726 911 821 985 magis
850 912 888 970 ad
912 914 1015 971 Musas
1051 924 1185 990 spectare
1222 916 1367 976 videntur.

198 1017 264 1076 Sed
291 1035 345 1074 cur
368 1026 477 1086 cetera,
503 1036 578 1092 quae
603 1017 748 1076 artissime
771 1037 838 1076 cum
863 1019 960 1095 capite
989 1038 1047 1096 179
1087 1022 1247 1081 cohaerent
1282 1023 1369 1098 eique

199 1136 273 1184 sunt
298 1124 386 1199 quasi
409 1125 625 1200 supplemento,
651 1125 680 1182 in
705 1126 904 1200 suspicionem
920 1146 1069 1198 vocemuS,
1086 1148 1148 1188 non
1164 1140 1207 1188 est
1223 1130 1253 1187 in
1270 1149 1368 1190 causa.

314 1235 369 1303 Ea,
396 1251 472 1308 quae
497 1232 594 1308 capite
620 1252 656 1306 3¹
680 1225 742 1314 (65.
765 1231 819 1316 17)
843 1234 880 1292 de
905 1235 1032 1293 Acheloi
1055 1246 1084 1294 et
1107 1237 1245 1295 Herculis
1280 1248 1370 1297 certa·

200 1341 288 1399 mine
310 1351 475 1408 narrantur,
500 1358 536 1397 ex
560 1340 666 1398 eodem
690 1341 772 1398 fonte
796 1350 886 1415 atque
910 1342 1038 1400 Diodori
1061 1345 1103 1400 IV
1122 1363 1138 1418 3
1146 1360 1173 1419 5.
1192 1363 1210 1416 4
1235 1352 1263 1402 et
1279 1345 1370 1420 Apol-

200 1448 306 1507 lodori
330 1449 405 1521 117.
426 1463 441 1523 5
468 1448 573 1505 hausta
597 1465 660 1505 esse
678 1447 797 1505 Bethius
822 1459 934 1523 quaest.
953 1449 1044 1508 Diod.
1070 1469 1099 1525 p.
1127 1468 1163 1525 73
1182 1451 1264 1510 vidit.
1312 1451 1371 1510 Ad·

202 1558 318 1616 duntur
342 1556 379 1614 de
403 1572 496 1613 cornu
520 1554 646 1612 Acheloi
670 1554 776 1613 haece:
802 1558 848 1612 eui
867 1557 1003 1614 Hercules
1024 1575 1108 1614 carme
1142 1558 1274 1618 detraxit.
1298 1560 1376 1634 qued

203 1683 293 1722 cerem
315 1662 515 1738 Hesperidibus
536 1664 593 1719 sive
615 1664 742 1737 nyneplze's
764 1662 888 1732 clericavit,
911 1664 989 1737 quod
1006 1683 1054 1721 ecee
1067 1658 1090 1745 ἵ)
1108 1667 1201 1739 poenes
1233 1666 1375 1742 repleuerat

204 1779 233 1829 et
263 1789 352 1829 cornu
385 1771 475 1845 copiae
504 1769 690 1844 appellarunt.
740 1769 857 1842 Quibus
887 1769 984 1828 verbis
1009 1771 1138 1847 suppleri
1165 1782 1289 1850 possunt
1311 1791 1372 1832 ver·

204 1897 255 1938 sus
282 1877 427 1936 Ovidiani
450 1886 519 1936 met.
544 1878 597 1946 IX,
617 1879 744 1950 87—89

316 1986 413 2043 nutiles
436 1988 493 2055 leue,
510 1986 604 2061 poenis
625 1992 653 2041 et
671 1985 755 2042 odore
769 1986 846 2060 flore
877 1985 1017 2060 repletum,

314 2100 475 2162 sacrarent,
499 2093 625 2167 divesque
647 2111 704 2149 meo
727 2093 811 2149 Burro
842 2093 928 2167 Capru
951 2111 1036 2150 cerem
1059 2102 1105 2152 est.

316 2203 431 2259 dixerat
450 2208 478 2258 et
498 2201 613 2276 inrepere
636 2210 691 2258 ete.

317 2309 450 2368 Fabulae
485 2309 621 2377 fomlam,
658 2326 734 2383 quae
769 2307 896 2366 Acheloi
930 2318 1018 2384 atque
1053 2310 1238 2380 Amaltheae,
1275 2309 1306 2368 id
1329 2320 1373 2368 est

207 2420 315 2477 Bonae
350 2416 474 2491 Copiae,
511 2434 604 2473 cornu
639 2415 717 2473 idem
755 2434 819 2473 esse
853 2425 960 2486 narrat,
988 2415 1112 2475 Graecis
1147 2426 1247 2474 notam
1283 2416 1372 2475 fuisse

208 2527 318 2585 Strabo
343 2526 371 2582 X
390 2527 452 2600 458
468 2516 494 2603 ³)
517 2533 639 2581 testatur
663 2541 790 2597 eamque
813 2523 851 2580 ab
876 2523 998 2597 Hygino
1022 2523 1093 2582 inde
1128 2533 1276 2599 sumptam
1308 2543 1373 2583 esse

163 2652 171 2664 ·
208 2635 256 2693 vel
283 2651 319 2691 ex
343 2651 379 2690 eo
403 2630 589 2706 intellegitur,
616 2630 697 2705 quod
722 2629 847 2688 Ovidius
871 2630 1073 2705 Hesperidum
1105 2630 1288 2689 mentionem
1311 2650 1372 2689 non

211 2741 292 2799 facit.
340 2739 419 2796 Illud
443 2748 539 2796 autem
564 2757 655 2796 unuin
679 2738 755 2795 inter
784 2747 940 2812 utrumque
964 2737 1068 2795 mirum
1093 2737 1123 2794 in
1148 2737 1270 2796 modum
1304 2757 1372 2795 con-

210 2847 310 2906 venit:
337 2856 366 2904 et
388 2855 508 2921 poetam
533 2855 562 2903 et
584 2838 875 2925 mythographum4)
895 2863 987 2902 cornu
1011 2864 1029 2902 a
1052 2844 1190 2919 nymphis
1219 2863 1372 2903 consecra-

211 2966 275 3014 tum
299 2972 364 3013 esse
388 2971 630 3011 commemorare.
678 2954 716 3009 Et
740 2952 881 3026 quoniam
906 2951 969 3010 sine
1005 2951 1097 3010 dubio
1133 2953 1224 3011 verba
1248 2951 1372 3028 Hygini-

212 3083 272 3123 ana
293 3061 372 3138 quod
389 3080 436 3118 eae
452 3061 577 3136 poenis
599 3079 637 3117 re
639 3060 686 3134 pl
693 3079 760 3116 eree
772 3067 812 3116 ert
832 3058 933 3117 Ovidii
957 3058 1030 3117 illud

313 3170 430 3245 potetis
452 3175 480 3224 et
498 3169 581 3225 odore
595 3168 671 3242 flore
693 3168 877 3242 repletam

319 3275 489 3351 respiciunt,
515 3274 656 3333 Ovidium
680 3274 765 3332 huius
790 3273 984 3332 additamenti
1008 3285 1160 3332 auctorem
1183 3293 1248 3332 esse
1271 3283 1373 3331 nostro

211 3387 276 3444 iure
299 3383 497 3443 censebimus.
544 3383 593 3441 Ad
627 3401 726 3440 versus
758 3392 910 3458 praeterea
941 3391 1047 3456 poetae
1074 3384 1110 3455 87
1138 3390 1167 3440 et
1192 3384 1232 3456 89
1266 3381 1373 3440 diserte

212 3501 351 3571 spectant
374 3491 483 3550 verba:
508 3492 565 3548 siae
587 3491 722 3565 interpretis.

224 3604 227 3609 ’
323 3598 434 3658 Similis
467 3598 542 3656 ratio
577 3597 653 3654 inter
683 3597 814 3655 fabulam
849 3599 899 3672 65,
926 3615 1001 3670 quae
1035 3606 1078 3655 est
1110 3597 1148 3654 de
1172 3597 1317 3674 Alcyone,
1347 3604 1375 3652 et

213 3707 318 3769 Ovidii
340 3716 409 3765 met.
435 3707 487 3776 XI,
503 3708 675 3778 410-·748
701 3703 865 3762 intercedit.
914 3703 1051 3761 Narratio
1068 3703 1241 3778 Hyginiana
1264 3722 1281 3761 e
1304 3702 1374 3760 dua-

323 3936 345 4003 ¹)
363 3937 477 3988 Schmidt
495 3937 573 4001 praef.
594 3952 620 4000 p.
642 3936 717 3992 VIII3
739 3935 835 3983 Robert
853 3933 980 3983 Eratosth.
1001 3943 1050 3982 cat.
1070 3949 1096 3997 p.
1119 3941 1178 3994 235.

323 4025 346 4096 ¹)
365 4028 445 4078 deae
464 4028 521 4076 cod.
542 4028 574 4085 F;
598 4041 656 4075 eae
675 4041 736 4073 corr.
758 4023 915 4072 Munclterus.

324 4117 347 4187 ³)
365 4120 398 4168 cs.
419 4118 497 4167 Bethe
516 4118 533 4165 l.
554 4117 572 4165 l.
593 4115 790 4164 Preller·Robert
808 4130 845 4177 gr.
867 4113 944 4176 myth,
963 4129 989 4175 p.
1011 4121 1043 4175 35
1064 4129 1089 4161 n.
1110 4125 1136 4172 4.
1231 4172 1238 4189 '

324 4206 345 4277 ⁴)
364 4208 477 4272 Sequitur
495 4223 537 4255 eos
551 4206 694 4255 Lactantius
712 4204 790 4252 schol.
813 4204 845 4251 ad
858 4203 942 4252 Theb.
963 4203 1007 4270 IV,
1023 4202 1085 4251 106:
1109 4200 1193 4250 illud
1211 4199 1375 4263 nymphae

213 4302 376 4354 omnibus
400 4297 499 4348 bonis
524 4296 740 4360 repleverunt
767 4293 948 4357 datumque
979 4300 1028 4341 est
1057 4291 1192 4358 Copiae,
1220 4304 1299 4353 quae
1325 4295 1375 4336 est

214 4392 382 4443 ministra
408 4388 584 4436 Fortunae.
623 4385 714 4434 Unde
744 4384 777 4431 in
805 4383 919 4432 Boetio
938 4381 1090 4448 (Horatio
1119 4397 1180 4428 corr.
1210 4378 1372 4426 Munckerus:

215 4498 295 4533 carm.
317 4494 383 4530 saec.
404 4479 454 4537 60;
485 4477 518 4526 cf.
539 4492 597 4539 epp.
618 4476 686 4529 112.
700 4488 742 4542 29¹
764 4490 839 4522 carm.
860 4474 927 4534 117.
948 4472 990 4530 16;
1023 4471 1100 4520 Ovid.
1121 4470 1178 4518 fast.
1198 4469 1229 4528 V,
1251 4480 1314 4528 1243
1333 4468 1376 4516 Pe-

214 4582 283 4624 tron.
305 4583 340 4633 29
366 4569 409 4636 6):
432 4566 543 4631 Copia
561 4566 661 4630 pleno
681 4579 797 4623 cornu;
820 4563 850 4614 cf.
869 4563 981 4614 Lactant.
1000 4577 1065 4610 narr.
1087 4560 1163 4609 Ovid.
1183 4559 1228 4618 IX,
1245 4570 1268 4607 1.
