<?xml version="1.0" encoding="UTF-8"?>
<!DOCTYPE html PUBLIC "-//W3C//DTD XHTML 1.0 Transitional//EN"
    "http://www.w3.org/TR/xhtml1/DTD/xhtml1-transitional.dtd">
<html xmlns="http://www.w3.org/1999/xhtml" xml:lang="en" lang="en">
 <head>
  <title>
</title>
<meta http-equiv="Content-Type" content="text/html;charset=utf-8" />
  <meta name='ocr-system' content='tesseract 3.04.00' />
  <meta name='ocr-capabilities' content='ocr_page ocr_carea ocr_par ocr_line ocrx_word'/>
</head>
<body>
  <div class='ocr_page' id='page_1' title='image "./quaestioneshygi00dietgoog_0034.png"; bbox 0 0 3136 5354; ppageno 0'>
   <div class='ocr_carea' id='block_1_1' title="bbox 161 1183 1126 1410">
    <p class='ocr_par' dir='ltr' id='par_1_1' title="bbox 161 1183 1126 1410">
     <span class='ocr_line' id='line_1_1' title="bbox 161 1183 1126 1286; baseline 0.003 -22"><span class='ocrx_word' id='word_1_1' title='bbox 161 1183 224 1265; x_wconf 84' lang='lat' dir='ltr'><strong>lle</strong></span> <span class='ocrx_word' id='word_1_2' title='bbox 252 1183 452 1284; x_wconf 79' lang='lat' dir='ltr'><strong>vestigiis</strong></span> <span class='ocrx_word' id='word_1_3' title='bbox 479 1184 626 1286; x_wconf 85' lang='lat' dir='ltr'><strong>poesis</strong></span> <span class='ocrx_word' id='word_1_4' title='bbox 654 1183 851 1284; x_wconf 85' lang='lat' dir='ltr'><strong>Latinae,</strong></span> <span class='ocrx_word' id='word_1_5' title='bbox 883 1205 994 1285; x_wconf 81' lang='lat' dir='ltr'><strong>quae</strong></span> <span class='ocrx_word' id='word_1_6' title='bbox 1022 1188 1126 1268; x_wconf 83' lang='lat' dir='ltr'><strong>sunt</strong></span> 
     </span>
     <span class='ocr_line' id='line_1_2' title="bbox 517 1327 776 1410; baseline 0 -2"><span class='ocrx_word' id='word_1_7' title='bbox 517 1328 566 1408; x_wconf 87' lang='lat' dir='ltr'><strong>in</strong></span> <span class='ocrx_word' id='word_1_8' title='bbox 593 1327 776 1410; x_wconf 80' lang='lat' dir='ltr'><strong>fabulis.</strong></span> 
     </span>
    </p>
   </div>
   <div class='ocr_carea' id='block_1_2' title="bbox 39 1511 1228 2131">
    <p class='ocr_par' dir='ltr' id='par_1_2' title="bbox 39 1511 1228 2131">
     <span class='ocr_line' id='line_1_3' title="bbox 168 1511 1225 1590; baseline 0.005 -22"><span class='ocrx_word' id='word_1_9' title='bbox 168 1511 322 1585; x_wconf 87' lang='lat' dir='ltr'>Quoniam</span> <span class='ocrx_word' id='word_1_10' title='bbox 343 1512 468 1581; x_wconf 85' lang='lat' dir='ltr'><strong>fabulas,</strong></span> <span class='ocrx_word' id='word_1_11' title='bbox 488 1531 560 1587; x_wconf 91' lang='lat' dir='ltr'><strong>quas</strong></span> <span class='ocrx_word' id='word_1_12' title='bbox 585 1512 681 1569; x_wconf 85' lang='lat' dir='ltr'>codex</span> <span class='ocrx_word' id='word_1_13' title='bbox 699 1514 732 1570; x_wconf 90' lang='lat' dir='ltr'><strong>F.</strong></span> <span class='ocrx_word' id='word_1_14' title='bbox 750 1513 883 1587; x_wconf 84' lang='lat' dir='ltr'>praebet,</span> <span class='ocrx_word' id='word_1_15' title='bbox 902 1513 1097 1571; x_wconf 84' lang='lat' dir='ltr'><strong>recentiorem</strong></span> <span class='ocrx_word' id='word_1_16' title='bbox 1121 1533 1225 1590; x_wconf 87' lang='lat' dir='ltr'><strong>genea-</strong></span> 
     </span>
     <span class='ocr_line' id='line_1_4' title="bbox 54 1619 1227 1696; baseline 0.003 -20"><span class='ocrx_word' id='word_1_17' title='bbox 54 1619 205 1695; x_wconf 84' lang='lat' dir='ltr'><strong>logiarum</strong></span> <span class='ocrx_word' id='word_1_18' title='bbox 230 1619 434 1677; x_wconf 87' lang='lat' dir='ltr'><strong>recensionem</strong></span> <span class='ocrx_word' id='word_1_19' title='bbox 452 1638 515 1678; x_wconf 92' lang='lat' dir='ltr'><strong>esse</strong></span> <span class='ocrx_word' id='word_1_20' title='bbox 538 1620 675 1689; x_wconf 91' lang='lat' dir='ltr'><strong>vidimus,</strong></span> <span class='ocrx_word' id='word_1_21' title='bbox 694 1619 830 1694; x_wconf 83' lang='lat' dir='ltr'><strong>quaestio</strong></span> <span class='ocrx_word' id='word_1_22' title='bbox 855 1620 976 1690; x_wconf 85' lang='lat' dir='ltr'><strong>exsistit,</strong></span> <span class='ocrx_word' id='word_1_23' title='bbox 993 1640 1064 1678; x_wconf 93' lang='lat' dir='ltr'><strong>num</strong></span> <span class='ocrx_word' id='word_1_24' title='bbox 1081 1621 1227 1696; x_wconf 83' lang='lat' dir='ltr'><strong>genuinus</strong></span> 
     </span>
     <span class='ocr_line' id='line_1_5' title="bbox 55 1727 1226 1803; baseline 0.002 -18"><span class='ocrx_word' id='word_1_25' title='bbox 55 1728 125 1785; x_wconf 87' lang='lat' dir='ltr'><strong>libri</strong></span> <span class='ocrx_word' id='word_1_26' title='bbox 149 1737 242 1784; x_wconf 86' lang='lat' dir='ltr'><strong>status</strong></span> <span class='ocrx_word' id='word_1_27' title='bbox 267 1745 302 1784; x_wconf 87' lang='lat' dir='ltr'><strong>ex</strong></span> <span class='ocrx_word' id='word_1_28' title='bbox 327 1738 409 1802; x_wconf 88' lang='lat' dir='ltr'><strong>parte</strong></span> <span class='ocrx_word' id='word_1_29' title='bbox 433 1727 528 1802; x_wconf 84' lang='lat' dir='ltr'><strong>possit</strong></span> <span class='ocrx_word' id='word_1_30' title='bbox 550 1727 753 1801; x_wconf 85' lang='lat' dir='ltr'><strong>redintegrari.</strong></span> <span class='ocrx_word' id='word_1_31' title='bbox 804 1727 874 1801; x_wconf 87' lang='lat' dir='ltr'><strong>Qua</strong></span> <span class='ocrx_word' id='word_1_32' title='bbox 896 1729 935 1786; x_wconf 92' lang='lat' dir='ltr'><strong>de</strong></span> <span class='ocrx_word' id='word_1_33' title='bbox 958 1746 989 1787; x_wconf 87' lang='lat' dir='ltr'><strong>re</strong></span> <span class='ocrx_word' id='word_1_34' title='bbox 1022 1747 1083 1786; x_wconf 93' lang='lat' dir='ltr'><strong>non</strong></span> <span class='ocrx_word' id='word_1_35' title='bbox 1108 1747 1226 1803; x_wconf 89' lang='lat' dir='ltr'><strong>prorsus</strong></span> 
     </span>
     <span class='ocr_line' id='line_1_6' title="bbox 56 1834 1227 1910; baseline -0.001 -16"><span class='ocrx_word' id='word_1_36' title='bbox 56 1834 281 1910; x_wconf 90' lang='lat' dir='ltr'><strong>desperandum</strong></span> <span class='ocrx_word' id='word_1_37' title='bbox 305 1843 358 1902; x_wconf 91' lang='lat' dir='ltr'><strong>est,</strong></span> <span class='ocrx_word' id='word_1_38' title='bbox 384 1853 451 1891; x_wconf 91' lang='lat' dir='ltr'><strong>cum</strong></span> <span class='ocrx_word' id='word_1_39' title='bbox 476 1844 591 1892; x_wconf 87' lang='lat' dir='ltr'><strong>ceterae</strong></span> <span class='ocrx_word' id='word_1_40' title='bbox 615 1834 813 1904; x_wconf 84' lang='lat' dir='ltr'><strong>recensiones,</strong></span> <span class='ocrx_word' id='word_1_41' title='bbox 849 1835 982 1909; x_wconf 90' lang='lat' dir='ltr'><strong>quamvis</strong></span> <span class='ocrx_word' id='word_1_42' title='bbox 1013 1836 1131 1910; x_wconf 90' lang='lat' dir='ltr'><strong>saepius</strong></span> <span class='ocrx_word' id='word_1_43' title='bbox 1155 1836 1227 1894; x_wconf 87' lang='lat' dir='ltr'><strong>inte-</strong></span> 
     </span>
     <span class='ocr_line' id='line_1_7' title="bbox 55 1940 1227 2018; baseline 0.001 -19"><span class='ocrx_word' id='word_1_44' title='bbox 55 1943 187 2018; x_wconf 86' lang='lat' dir='ltr'><strong>griorem</strong></span> <span class='ocrx_word' id='word_1_45' title='bbox 198 1951 309 2000; x_wconf 86' lang='lat' dir='ltr'><strong>textum</strong></span> <span class='ocrx_word' id='word_1_46' title='bbox 323 1941 511 2007; x_wconf 88' lang='lat' dir='ltr'><strong>servaverint,</strong></span> <span class='ocrx_word' id='word_1_47' title='bbox 526 1940 555 1997; x_wconf 93' lang='lat' dir='ltr'><strong>in</strong></span> <span class='ocrx_word' id='word_1_48' title='bbox 568 1941 736 1998; x_wconf 83' lang='lat' dir='ltr'><strong>universum</strong></span> <span class='ocrx_word' id='word_1_49' title='bbox 748 1951 848 1999; x_wconf 91' lang='lat' dir='ltr'><strong>tamen</strong></span> <span class='ocrx_word' id='word_1_50' title='bbox 861 1941 1061 2000; x_wconf 86' lang='lat' dir='ltr'><strong>narrationem</strong></span> <span class='ocrx_word' id='word_1_51' title='bbox 1073 1943 1227 2017; x_wconf 86' lang='lat' dir='ltr'><strong>pristinam</strong></span> 
     </span>
     <span class='ocr_line' id='line_1_8' title="bbox 39 2048 1228 2131; baseline -0.001 -24"><span class='ocrx_word' id='word_1_52' title='bbox 39 2070 119 2131; x_wconf 71' lang='lat' dir='ltr'><strong>⁴non</strong></span> <span class='ocrx_word' id='word_1_53' title='bbox 144 2049 285 2107; x_wconf 84' lang='lat' dir='ltr'><strong>radicitus</strong></span> <span class='ocrx_word' id='word_1_54' title='bbox 309 2048 440 2106; x_wconf 89' lang='lat' dir='ltr'><strong>vitiatam</strong></span> <span class='ocrx_word' id='word_1_55' title='bbox 464 2059 578 2106; x_wconf 84' lang='lat' dir='ltr'><strong>exstare</strong></span> <span class='ocrx_word' id='word_1_56' title='bbox 609 2058 759 2107; x_wconf 87' lang='lat' dir='ltr'><strong>testentur.</strong></span> <span class='ocrx_word' id='word_1_57' title='bbox 807 2049 897 2106; x_wconf 87' lang='lat' dir='ltr'><strong>Ratio</strong></span> <span class='ocrx_word' id='word_1_58' title='bbox 924 2050 1012 2121; x_wconf 89' lang='lat' dir='ltr'><strong>enim,</strong></span> <span class='ocrx_word' id='word_1_59' title='bbox 1038 2069 1129 2124; x_wconf 82' lang='lat' dir='ltr'><strong>quarn</strong></span> <span class='ocrx_word' id='word_1_60' title='bbox 1153 2050 1228 2108; x_wconf 88' lang='lat' dir='ltr'><strong>inter</strong></span> 
     </span>
    </p>
   </div>
   <div class='ocr_carea' id='block_1_3' title="bbox 55 2156 1226 2233">
    <p class='ocr_par' dir='ltr' id='par_1_3' title="bbox 55 2156 1226 2233">
     <span class='ocr_line' id='line_1_9' title="bbox 55 2156 1226 2233; baseline -0.001 -17"><span class='ocrx_word' id='word_1_61' title='bbox 55 2158 177 2217; x_wconf 89' lang='lat' dir='ltr'><strong>diversa</strong></span> <span class='ocrx_word' id='word_1_62' title='bbox 201 2158 366 2214; x_wconf 88' lang='lat' dir='ltr'><strong>fabularum</strong></span> <span class='ocrx_word' id='word_1_63' title='bbox 392 2156 573 2231; x_wconf 84' lang='lat' dir='ltr'><strong>exemplaria</strong></span> <span class='ocrx_word' id='word_1_64' title='bbox 605 2156 789 2214; x_wconf 88' lang='lat' dir='ltr'><strong>intercedere</strong></span> <span class='ocrx_word' id='word_1_65' title='bbox 821 2156 958 2227; x_wconf 88' lang='lat' dir='ltr'><strong>vidimus,</strong></span> <span class='ocrx_word' id='word_1_66' title='bbox 983 2177 1044 2215; x_wconf 94' lang='lat' dir='ltr'><strong>non</strong></span> <span class='ocrx_word' id='word_1_67' title='bbox 1075 2157 1226 2233; x_wconf 90' lang='lat' dir='ltr'><strong>permittit,</strong></span> 
     </span>
    </p>
   </div>
   <div class='ocr_carea' id='block_1_4' title="bbox 53 2264 1228 3099">
    <p class='ocr_par' dir='ltr' id='par_1_4' title="bbox 53 2264 1228 3099">
     <span class='ocr_line' id='line_1_10' title="bbox 56 2264 1227 2340; baseline -0.001 -17"><span class='ocrx_word' id='word_1_68' title='bbox 56 2277 87 2323; x_wconf 92' lang='lat' dir='ltr'><strong>ut</strong></span> <span class='ocrx_word' id='word_1_69' title='bbox 111 2266 247 2323; x_wconf 89' lang='lat' dir='ltr'><strong>libellum</strong></span> <span class='ocrx_word' id='word_1_70' title='bbox 272 2264 466 2340; x_wconf 84' lang='lat' dir='ltr'><strong>epitomando</strong></span> <span class='ocrx_word' id='word_1_71' title='bbox 491 2274 519 2321; x_wconf 90' lang='lat' dir='ltr'><strong>et</strong></span> <span class='ocrx_word' id='word_1_72' title='bbox 543 2264 756 2338; x_wconf 88' lang='lat' dir='ltr'><strong>amplificando</strong></span> <span class='ocrx_word' id='word_1_73' title='bbox 790 2283 909 2339; x_wconf 90' lang='lat' dir='ltr'><strong>prorsus</strong></span> <span class='ocrx_word' id='word_1_74' title='bbox 933 2265 1128 2340; x_wconf 88' lang='lat' dir='ltr'><strong>depravatum</strong></span> <span class='ocrx_word' id='word_1_75' title='bbox 1163 2283 1227 2322; x_wconf 92' lang='lat' dir='ltr'><strong>esse</strong></span> 
     </span>
     <span class='ocr_line' id='line_1_11' title="bbox 55 2371 1228 2447; baseline -0.001 -17"><span class='ocrx_word' id='word_1_76' title='bbox 55 2372 226 2432; x_wconf 86' lang='lat' dir='ltr'><strong>Schmidtio</strong></span> <span class='ocrx_word' id='word_1_77' title='bbox 244 2372 455 2429; x_wconf 78' lang='lat' dir='ltr'><strong>concedamus,</strong></span> <span class='ocrx_word' id='word_1_78' title='bbox 504 2371 593 2429; x_wconf 84' lang='lat' dir='ltr'><strong>Ansis</strong></span> <span class='ocrx_word' id='word_1_79' title='bbox 621 2371 717 2446; x_wconf 87' lang='lat' dir='ltr'><strong>igitur,</strong></span> <span class='ocrx_word' id='word_1_80' title='bbox 743 2391 822 2447; x_wconf 90' lang='lat' dir='ltr'><strong>quae</strong></span> <span class='ocrx_word' id='word_1_81' title='bbox 846 2372 885 2430; x_wconf 90' lang='lat' dir='ltr'><strong>ad</strong></span> <span class='ocrx_word' id='word_1_82' title='bbox 908 2373 1124 2431; x_wconf 89' lang='lat' dir='ltr'><strong>restituendum</strong></span> <span class='ocrx_word' id='word_1_83' title='bbox 1140 2373 1228 2431; x_wconf 90' lang='lat' dir='ltr'><strong>datae</strong></span> 
     </span>
     <span class='ocr_line' id='line_1_12' title="bbox 54 2479 1225 2555; baseline -0.002 -17"><span class='ocrx_word' id='word_1_84' title='bbox 54 2490 134 2550; x_wconf 92' lang='lat' dir='ltr'><strong>sunt,</strong></span> <span class='ocrx_word' id='word_1_85' title='bbox 154 2479 221 2537; x_wconf 88' lang='lat' dir='ltr'><strong>freti</strong></span> <span class='ocrx_word' id='word_1_86' title='bbox 245 2489 356 2536; x_wconf 91' lang='lat' dir='ltr'><strong>certum</strong></span> <span class='ocrx_word' id='word_1_87' title='bbox 374 2479 528 2553; x_wconf 90' lang='lat' dir='ltr'><strong>quoddam</strong></span> <span class='ocrx_word' id='word_1_88' title='bbox 552 2497 645 2552; x_wconf 84' lang='lat' dir='ltr'><strong>genus</strong></span> <span class='ocrx_word' id='word_1_89' title='bbox 662 2479 871 2554; x_wconf 90' lang='lat' dir='ltr'><strong>quaestionum</strong></span> <span class='ocrx_word' id='word_1_90' title='bbox 895 2480 1063 2538; x_wconf 85' lang='lat' dir='ltr'><strong>criticarum</strong></span> <span class='ocrx_word' id='word_1_91' title='bbox 1080 2480 1225 2555; x_wconf 85' lang='lat' dir='ltr'><strong>eligimus,</strong></span> 
     </span>
     <span class='ocr_line' id='line_1_13' title="bbox 55 2586 1226 2662; baseline 0.001 -17"><span class='ocrx_word' id='word_1_92' title='bbox 55 2599 87 2645; x_wconf 94' lang='lat' dir='ltr'><strong>ut</strong></span> <span class='ocrx_word' id='word_1_93' title='bbox 111 2606 157 2658; x_wconf 88' lang='lat' dir='ltr'><strong>ea,</strong></span> <span class='ocrx_word' id='word_1_94' title='bbox 176 2605 254 2662; x_wconf 89' lang='lat' dir='ltr'><strong>quae</strong></span> <span class='ocrx_word' id='word_1_95' title='bbox 270 2605 338 2645; x_wconf 90' lang='lat' dir='ltr'><strong>vere</strong></span> <span class='ocrx_word' id='word_1_96' title='bbox 356 2586 529 2661; x_wconf 88' lang='lat' dir='ltr'><strong>Hyginiana</strong></span> <span class='ocrx_word' id='word_1_97' title='bbox 546 2587 613 2657; x_wconf 92' lang='lat' dir='ltr'><strong>sint,</strong></span> <span class='ocrx_word' id='word_1_98' title='bbox 633 2590 789 2646; x_wconf 91' lang='lat' dir='ltr'><strong>enucleare</strong></span> <span class='ocrx_word' id='word_1_99' title='bbox 806 2607 957 2646; x_wconf 91' lang='lat' dir='ltr'><strong>conemur.</strong></span> <span class='ocrx_word' id='word_1_100' title='bbox 1008 2588 1141 2646; x_wconf 89' lang='lat' dir='ltr'><strong>Maxime</strong></span> <span class='ocrx_word' id='word_1_101' title='bbox 1156 2607 1226 2646; x_wconf 89' lang='lat' dir='ltr'><strong>vero</strong></span> 
     </span>
     <span class='ocr_line' id='line_1_14' title="bbox 54 2693 1227 2769; baseline 0 -17"><span class='ocrx_word' id='word_1_102' title='bbox 54 2695 148 2753; x_wconf 92' lang='lat' dir='ltr'><strong>hodie</strong></span> <span class='ocrx_word' id='word_1_103' title='bbox 171 2693 241 2764; x_wconf 89' lang='lat' dir='ltr'><strong>loci,</strong></span> <span class='ocrx_word' id='word_1_104' title='bbox 267 2694 318 2768; x_wconf 92' lang='lat' dir='ltr'><strong>qui</strong></span> <span class='ocrx_word' id='word_1_105' title='bbox 341 2704 445 2769; x_wconf 88' lang='lat' dir='ltr'><strong>poetas</strong></span> <span class='ocrx_word' id='word_1_106' title='bbox 470 2694 593 2751; x_wconf 89' lang='lat' dir='ltr'><strong>Latinos</strong></span> <span class='ocrx_word' id='word_1_107' title='bbox 626 2694 795 2769; x_wconf 79' lang='lat' dir='ltr'><strong>respiciunt,</strong></span> <span class='ocrx_word' id='word_1_108' title='bbox 813 2694 914 2753; x_wconf 90' lang='lat' dir='ltr'><strong>idonei</strong></span> <span class='ocrx_word' id='word_1_109' title='bbox 938 2695 1083 2765; x_wconf 87' lang='lat' dir='ltr'><strong>videntur,</strong></span> <span class='ocrx_word' id='word_1_110' title='bbox 1101 2713 1227 2769; x_wconf 90' lang='lat' dir='ltr'><strong>quorum</strong></span> 
     </span>
     <span class='ocr_line' id='line_1_15' title="bbox 55 2801 1224 2878; baseline -0.002 -17"><span class='ocrx_word' id='word_1_111' title='bbox 55 2804 95 2861; x_wconf 89' lang='lat' dir='ltr'><strong>de</strong></span> <span class='ocrx_word' id='word_1_112' title='bbox 120 2801 236 2878; x_wconf 88' lang='lat' dir='ltr'><strong>origine</strong></span> <span class='ocrx_word' id='word_1_113' title='bbox 260 2802 385 2876; x_wconf 91' lang='lat' dir='ltr'><strong>amplius</strong></span> <span class='ocrx_word' id='word_1_114' title='bbox 409 2801 583 2876; x_wconf 89' lang='lat' dir='ltr'><strong>disputetur,</strong></span> <span class='ocrx_word' id='word_1_115' title='bbox 609 2820 676 2858; x_wconf 92' lang='lat' dir='ltr'><strong>cum</strong></span> <span class='ocrx_word' id='word_1_116' title='bbox 700 2801 885 2877; x_wconf 89' lang='lat' dir='ltr'><strong>suspiciones</strong></span> <span class='ocrx_word' id='word_1_117' title='bbox 914 2803 1044 2860; x_wconf 91' lang='lat' dir='ltr'><strong>virorum</strong></span> <span class='ocrx_word' id='word_1_118' title='bbox 1068 2803 1224 2861; x_wconf 90' lang='lat' dir='ltr'><strong>doctorum</strong></span> 
     </span>
     <span class='ocr_line' id='line_1_16' title="bbox 54 2909 1226 2985; baseline 0 -17"><span class='ocrx_word' id='word_1_119' title='bbox 54 2911 165 2968; x_wconf 88' lang='lat' dir='ltr'><strong>mirum</strong></span> <span class='ocrx_word' id='word_1_120' title='bbox 191 2920 334 2983; x_wconf 90' lang='lat' dir='ltr'><strong>quantum</strong></span> <span class='ocrx_word' id='word_1_121' title='bbox 359 2909 560 2968; x_wconf 87' lang='lat' dir='ltr'><strong>excitaverint.</strong></span> <span class='ocrx_word' id='word_1_122' title='bbox 608 2911 643 2966; x_wconf 93' lang='lat' dir='ltr'><strong>ln</strong></span> <span class='ocrx_word' id='word_1_123' title='bbox 666 2909 765 2984; x_wconf 89' lang='lat' dir='ltr'><strong>priore</strong></span> <span class='ocrx_word' id='word_1_124' title='bbox 789 2909 1005 2968; x_wconf 89' lang='lat' dir='ltr'><strong>dissertationis</strong></span> <span class='ocrx_word' id='word_1_125' title='bbox 1035 2920 1118 2985; x_wconf 89' lang='lat' dir='ltr'><strong>parte</strong></span> <span class='ocrx_word' id='word_1_126' title='bbox 1151 2910 1226 2968; x_wconf 88' lang='lat' dir='ltr'><strong>inter</strong></span> 
     </span>
     <span class='ocr_line' id='line_1_17' title="bbox 53 3011 1224 3099; baseline 0.001 -24"><span class='ocrx_word' id='word_1_127' title='bbox 53 3018 175 3076; x_wconf 89' lang='lat' dir='ltr'><strong>fabulas</strong></span> <span class='ocrx_word' id='word_1_128' title='bbox 192 3017 385 3092; x_wconf 88' lang='lat' dir='ltr'><strong>interpolatas</strong></span> <span class='ocrx_word' id='word_1_129' title='bbox 403 3017 566 3074; x_wconf 88' lang='lat' dir='ltr'><strong>nonnullae</strong></span> <span class='ocrx_word' id='word_1_130' title='bbox 585 3028 776 3075; x_wconf 89' lang='lat' dir='ltr'><strong>occurrerunt</strong></span> <span class='ocrx_word' id='word_1_131' title='bbox 793 3017 893 3077; x_wconf 90' lang='lat' dir='ltr'><strong>Ovidii</strong></span> <span class='ocrx_word' id='word_1_132' title='bbox 910 3036 1002 3093; x_wconf 90' lang='lat' dir='ltr'><strong>opera</strong></span> <span class='ocrx_word' id='word_1_133' title='bbox 1019 3017 1184 3076; x_wconf 88' lang='lat' dir='ltr'><strong>conflatae:</strong></span> <span class='ocrx_word' id='word_1_134' title='bbox 1202 3011 1224 3099; x_wconf 83' lang='lat'><strong>¹)</strong></span> 
     </span>
    </p>
   </div>
   <div class='ocr_carea' id='block_1_5' title="bbox 52 3226 1289 4644">
    <p class='ocr_par' dir='ltr' id='par_1_5' title="bbox 52 3226 1289 4644">
     <span class='ocr_line' id='line_1_18' title="bbox 169 3226 1226 3295; baseline 0.001 -18"><span class='ocrx_word' id='word_1_135' title='bbox 169 3226 240 3295; x_wconf 69' lang='lat' dir='ltr'><strong>1les.</strong></span> <span class='ocrx_word' id='word_1_136' title='bbox 268 3236 394 3292; x_wconf 88' lang='lat' dir='ltr'><strong>praeterea</strong></span> <span class='ocrx_word' id='word_1_137' title='bbox 422 3229 498 3276; x_wconf 87' lang='lat' dir='ltr'><strong>verba</strong></span> <span class='ocrx_word' id='word_1_138' title='bbox 523 3229 613 3291; x_wconf 90' lang='lat' dir='ltr'><strong>capitis</strong></span> <span class='ocrx_word' id='word_1_139' title='bbox 636 3237 682 3292; x_wconf 85' lang='lat'><strong>145</strong></span> <span class='ocrx_word' id='word_1_140' title='bbox 710 3230 817 3292; x_wconf 83' lang='lat' dir='ltr'><strong>Argus</strong></span> <span class='ocrx_word' id='word_1_141' title='bbox 844 3229 1086 3295; x_wconf 71' lang='lat' dir='ltr'><strong>Arestorides‚</strong></span> <span class='ocrx_word' id='word_1_142' title='bbox 1115 3245 1177 3293; x_wconf 89' lang='lat' dir='ltr'><strong>quae</strong></span> <span class='ocrx_word' id='word_1_143' title='bbox 1196 3246 1226 3278; x_wconf 91' lang='lat' dir='ltr'><strong>ex</strong></span> 
     </span>
     <span class='ocr_line' id='line_1_19' title="bbox 55 3317 1225 3382; baseline 0 -14"><span class='ocrx_word' id='word_1_144' title='bbox 55 3321 135 3369; x_wconf 90' lang='lat' dir='ltr'><strong>Ovid.</strong></span> <span class='ocrx_word' id='word_1_145' title='bbox 167 3324 227 3366; x_wconf 89' lang='lat' dir='ltr'><strong>met.</strong></span> <span class='ocrx_word' id='word_1_146' title='bbox 256 3319 275 3376; x_wconf 88' lang='lat' dir='ltr'><strong>I,</strong></span> <span class='ocrx_word' id='word_1_147' title='bbox 291 3317 516 3382; x_wconf 24' lang='lat' dir='ltr'><strong>624qinterpolata</strong></span> <span class='ocrx_word' id='word_1_148' title='bbox 541 3333 594 3366; x_wconf 88' lang='lat' dir='ltr'><strong>esse</strong></span> <span class='ocrx_word' id='word_1_149' title='bbox 620 3326 677 3381; x_wconf 91' lang='lat' dir='ltr'><strong>post</strong></span> <span class='ocrx_word' id='word_1_150' title='bbox 696 3318 859 3366; x_wconf 90' lang='lat' dir='ltr'><strong>Munckerum</strong></span> <span class='ocrx_word' id='word_1_151' title='bbox 879 3318 1043 3367; x_wconf 84' lang='lat' dir='ltr'><strong>Schwartzius</strong></span> <span class='ocrx_word' id='word_1_152' title='bbox 1069 3319 1166 3366; x_wconf 90' lang='lat' dir='ltr'><strong>monuit</strong></span> <span class='ocrx_word' id='word_1_153' title='bbox 1194 3319 1225 3369; x_wconf 89' lang='lat' dir='ltr'><strong>de</strong></span> 
     </span>
     <span class='ocr_line' id='line_1_20' title="bbox 54 3407 1224 3472; baseline -0.002 -13"><span class='ocrx_word' id='word_1_154' title='bbox 54 3410 138 3460; x_wconf 86' lang='lat' dir='ltr'><strong>sclrol.</strong></span> <span class='ocrx_word' id='word_1_155' title='bbox 160 3408 302 3456; x_wconf 90' lang='lat' dir='ltr'><strong>Homericis</strong></span> <span class='ocrx_word' id='word_1_156' title='bbox 321 3407 478 3455; x_wconf 85' lang='lat' dir='ltr'><strong>Fleclreisen.</strong></span> <span class='ocrx_word' id='word_1_157' title='bbox 500 3407 585 3455; x_wconf 88' lang='lat' dir='ltr'><strong>annal.</strong></span> <span class='ocrx_word' id='word_1_158' title='bbox 609 3407 671 3470; x_wconf 90' lang='lat' dir='ltr'><strong>phil.</strong></span> <span class='ocrx_word' id='word_1_159' title='bbox 692 3408 775 3470; x_wconf 86' lang='lat' dir='ltr'><strong>suppl.</strong></span> <span class='ocrx_word' id='word_1_160' title='bbox 797 3408 846 3454; x_wconf 89' lang='lat' dir='ltr'><strong>XII</strong></span> <span class='ocrx_word' id='word_1_161' title='bbox 865 3423 890 3470; x_wconf 90' lang='lat' dir='ltr'><strong>p.</strong></span> <span class='ocrx_word' id='word_1_162' title='bbox 912 3420 963 3468; x_wconf 88' lang='lat'><strong>442</strong></span> <span class='ocrx_word' id='word_1_163' title='bbox 983 3424 1009 3456; x_wconf 91' lang='lat' dir='ltr'><strong>n.</strong></span> <span class='ocrx_word' id='word_1_164' title='bbox 1033 3422 1062 3466; x_wconf 77' lang='lat'><strong>23</strong></span> <span class='ocrx_word' id='word_1_165' title='bbox 1087 3408 1119 3456; x_wconf 83' lang='lat' dir='ltr'><strong>cf.</strong></span> <span class='ocrx_word' id='word_1_166' title='bbox 1135 3425 1157 3456; x_wconf 91' lang='lat' dir='ltr'><strong>c.</strong></span> <span class='ocrx_word' id='word_1_167' title='bbox 1176 3409 1224 3472; x_wconf 83' lang='lat'><strong>183</strong></span> 
     </span>
     <span class='ocr_line' id='line_1_21' title="bbox 52 3496 1225 3566; baseline -0.003 -17"><span class='ocrx_word' id='word_1_168' title='bbox 52 3501 110 3566; x_wconf 85' lang='lat'><strong>(36.</strong></span> <span class='ocrx_word' id='word_1_169' title='bbox 133 3502 159 3562; x_wconf 85' lang='lat'><strong>5)</strong></span> <span class='ocrx_word' id='word_1_170' title='bbox 179 3507 204 3547; x_wconf 90' lang='lat' dir='ltr'><strong>et</strong></span> <span class='ocrx_word' id='word_1_171' title='bbox 228 3498 347 3562; x_wconf 81' lang='lat' dir='ltr'><strong>marginis</strong></span> <span class='ocrx_word' id='word_1_172' title='bbox 378 3497 567 3546; x_wconf 87' lang='lat' dir='ltr'><strong>adnotationem</strong></span> <span class='ocrx_word' id='word_1_173' title='bbox 593 3497 624 3545; x_wconf 88' lang='lat' dir='ltr'><strong>ad</strong></span> <span class='ocrx_word' id='word_1_174' title='bbox 645 3513 667 3545; x_wconf 92' lang='lat' dir='ltr'><strong>c.</strong></span> <span class='ocrx_word' id='word_1_175' title='bbox 692 3506 739 3561; x_wconf 84' lang='lat'><strong>125</strong></span> <span class='ocrx_word' id='word_1_176' title='bbox 760 3496 795 3562; x_wconf 80' lang='lat' dir='ltr'><strong>(p,</strong></span> <span class='ocrx_word' id='word_1_177' title='bbox 820 3496 890 3563; x_wconf 81' lang='grc'>109).</span> <span class='ocrx_word' id='word_1_178' title='bbox 929 3499 958 3546; x_wconf 95' lang='lat' dir='ltr'><strong>In</strong></span> <span class='ocrx_word' id='word_1_179' title='bbox 985 3499 1071 3546; x_wconf 88' lang='lat' dir='ltr'><strong>fabula</strong></span> <span class='ocrx_word' id='word_1_180' title='bbox 1090 3498 1123 3557; x_wconf 92' lang='lat'><strong>64</strong></span> <span class='ocrx_word' id='word_1_181' title='bbox 1149 3500 1225 3547; x_wconf 88' lang='lat' dir='ltr'><strong>verba</strong></span> 
     </span>
     <span class='ocr_line' id='line_1_22' title="bbox 55 3587 1224 3654; baseline -0.002 -16"><span class='ocrx_word' id='word_1_182' title='bbox 55 3592 129 3639; x_wconf 87' lang='lat' dir='ltr'><strong>sive</strong></span> <span class='ocrx_word' id='word_1_183' title='bbox 159 3590 303 3637; x_wconf 89' lang='lat' dir='ltr'><strong>Proetus</strong></span> <span class='ocrx_word' id='word_1_184' title='bbox 337 3587 392 3654; x_wconf 85' lang='lat'><strong>(62.</strong></span> <span class='ocrx_word' id='word_1_185' title='bbox 411 3587 456 3653; x_wconf 85' lang='lat'><strong>22)</strong></span> <span class='ocrx_word' id='word_1_186' title='bbox 486 3605 500 3636; x_wconf 91' lang='lat' dir='ltr'><strong>a</strong></span> <span class='ocrx_word' id='word_1_187' title='bbox 529 3589 677 3654; x_wconf 73' lang='lat' dir='ltr'><strong>glossatore,</strong></span> <span class='ocrx_word' id='word_1_188' title='bbox 710 3588 751 3652; x_wconf 91' lang='lat' dir='ltr'><strong>qui</strong></span> <span class='ocrx_word' id='word_1_189' title='bbox 782 3589 950 3637; x_wconf 89' lang='lat' dir='ltr'><strong>narrationem</strong></span> <span class='ocrx_word' id='word_1_190' title='bbox 979 3588 1133 3636; x_wconf 89' lang='lat' dir='ltr'><strong>Ovidianam</strong></span> <span class='ocrx_word' id='word_1_191' title='bbox 1165 3597 1224 3641; x_wconf 84' lang='lat' dir='ltr'><strong>met.</strong></span> 
     </span>
     <span class='ocr_line' id='line_1_23' title="bbox 58 3677 1224 3742; baseline -0.002 -16"><span class='ocrx_word' id='word_1_192' title='bbox 58 3681 88 3738; x_wconf 87' lang='lat' dir='ltr'><strong>V,</strong></span> <span class='ocrx_word' id='word_1_193' title='bbox 105 3680 247 3742; x_wconf 85' lang='lat'><strong>236—249</strong></span> <span class='ocrx_word' id='word_1_194' title='bbox 266 3679 332 3726; x_wconf 91' lang='lat' dir='ltr'><strong>male</strong></span> <span class='ocrx_word' id='word_1_195' title='bbox 353 3678 524 3741; x_wconf 72' lang='lat' dir='ltr'><strong>intellegebat,</strong></span> <span class='ocrx_word' id='word_1_196' title='bbox 547 3678 644 3726; x_wconf 85' lang='lat' dir='ltr'><strong>adiecta</strong></span> <span class='ocrx_word' id='word_1_197' title='bbox 664 3694 718 3726; x_wconf 89' lang='lat' dir='ltr'><strong>esse</strong></span> <span class='ocrx_word' id='word_1_198' title='bbox 738 3678 885 3726; x_wconf 83' lang='lat' dir='ltr'><strong>Munckerns</strong></span> <span class='ocrx_word' id='word_1_199' title='bbox 913 3679 1046 3742; x_wconf 73' lang='lat' dir='ltr'><strong>cognovit,</strong></span> <span class='ocrx_word' id='word_1_200' title='bbox 1072 3677 1104 3726; x_wconf 81' lang='lat' dir='ltr'><strong>cs.</strong></span> <span class='ocrx_word' id='word_1_201' title='bbox 1121 3678 1224 3725; x_wconf 89' lang='lat' dir='ltr'><strong>Bursian</strong></span> 
     </span>
     <span class='ocr_line' id='line_1_24' title="bbox 56 3769 1222 3834; baseline -0.002 -16"><span class='ocrx_word' id='word_1_202' title='bbox 56 3769 220 3818; x_wconf 85' lang='lat' dir='ltr'><strong>Fleckeisen.</strong></span> <span class='ocrx_word' id='word_1_203' title='bbox 242 3785 302 3816; x_wconf 89' lang='lat' dir='ltr'><strong>ann.</strong></span> <span class='ocrx_word' id='word_1_204' title='bbox 324 3769 387 3830; x_wconf 89' lang='lat' dir='ltr'><strong>phil.</strong></span> <span class='ocrx_word' id='word_1_205' title='bbox 409 3769 503 3830; x_wconf 75' lang='lat' dir='ltr'><strong>XCIII,</strong></span> <span class='ocrx_word' id='word_1_206' title='bbox 525 3786 550 3831; x_wconf 88' lang='lat' dir='ltr'><strong>p.</strong></span> <span class='ocrx_word' id='word_1_207' title='bbox 574 3779 632 3829; x_wconf 81' lang='lat'><strong>772,</strong></span> <span class='ocrx_word' id='word_1_208' title='bbox 669 3769 778 3834; x_wconf 85' lang='lat' dir='ltr'><strong>Reliqua</strong></span> <span class='ocrx_word' id='word_1_209' title='bbox 797 3769 905 3817; x_wconf 86' lang='lat' dir='ltr'><strong>narratio</strong></span> <span class='ocrx_word' id='word_1_210' title='bbox 929 3785 981 3817; x_wconf 89' lang='lat' dir='ltr'><strong>non</strong></span> <span class='ocrx_word' id='word_1_211' title='bbox 1000 3769 1057 3816; x_wconf 89' lang='lat' dir='ltr'><strong>ideo</strong></span> <span class='ocrx_word' id='word_1_212' title='bbox 1076 3769 1158 3832; x_wconf 89' lang='lat' dir='ltr'><strong>spuria</strong></span> <span class='ocrx_word' id='word_1_213' title='bbox 1176 3775 1222 3832; x_wconf 77' lang='lat' dir='ltr'><strong>est,</strong></span> 
     </span>
     <span class='ocr_line' id='line_1_25' title="bbox 63 3858 1224 3926; baseline 0 -20"><span class='ocrx_word' id='word_1_214' title='bbox 63 3859 190 3926; x_wconf 69' lang='lat' dir='ltr'><strong>quodiis‚</strong></span> <span class='ocrx_word' id='word_1_215' title='bbox 212 3858 321 3922; x_wconf 90' lang='lat' dir='ltr'><strong>quaein</strong></span> <span class='ocrx_word' id='word_1_216' title='bbox 350 3858 400 3906; x_wconf 85' lang='lat' dir='ltr'><strong>fine</strong></span> <span class='ocrx_word' id='word_1_217' title='bbox 427 3859 514 3921; x_wconf 88' lang='lat' dir='ltr'><strong>capitis</strong></span> <span class='ocrx_word' id='word_1_218' title='bbox 543 3859 713 3908; x_wconf 86' lang='lat' dir='ltr'><strong>antecedentis</strong></span> <span class='ocrx_word' id='word_1_219' title='bbox 741 3867 804 3918; x_wconf 89' lang='lat' dir='ltr'><strong>sunt,</strong></span> <span class='ocrx_word' id='word_1_220' title='bbox 837 3867 971 3922; x_wconf 86' lang='lat' dir='ltr'><strong>repugnat:</strong></span> <span class='ocrx_word' id='word_1_221' title='bbox 995 3859 1040 3924; x_wconf 62' lang='grc' dir='ltr'><strong>εἰ,</strong></span> <span class='ocrx_word' id='word_1_222' title='bbox 1070 3875 1133 3923; x_wconf 86' lang='lat' dir='ltr'><strong>quae</strong></span> <span class='ocrx_word' id='word_1_223' title='bbox 1160 3864 1224 3906; x_wconf 87' lang='lat' dir='ltr'><strong>recte</strong></span> 
     </span>
     <span class='ocr_line' id='line_1_26' title="bbox 57 3948 1224 4012; baseline -0.002 -15"><span class='ocrx_word' id='word_1_224' title='bbox 57 3957 144 3997; x_wconf 89' lang='lat' dir='ltr'><strong>contra</strong></span> <span class='ocrx_word' id='word_1_225' title='bbox 163 3948 309 3996; x_wconf 81' lang='lat' dir='ltr'><strong>Bursianum</strong></span> <span class='ocrx_word' id='word_1_226' title='bbox 328 3949 451 3996; x_wconf 88' lang='lat' dir='ltr'><strong>Robertus</strong></span> <span class='ocrx_word' id='word_1_227' title='bbox 470 3948 597 3997; x_wconf 83' lang='lat' dir='ltr'><strong>Eratosth.</strong></span> <span class='ocrx_word' id='word_1_228' title='bbox 619 3957 667 3997; x_wconf 87' lang='lat' dir='ltr'><strong>cat.</strong></span> <span class='ocrx_word' id='word_1_229' title='bbox 689 3965 713 4012; x_wconf 85' lang='lat' dir='ltr'><strong>p.</strong></span> <span class='ocrx_word' id='word_1_230' title='bbox 734 3959 783 4011; x_wconf 84' lang='lat'><strong>235</strong></span> <span class='ocrx_word' id='word_1_231' title='bbox 804 3965 830 3996; x_wconf 93' lang='lat' dir='ltr'><strong>n.</strong></span> <span class='ocrx_word' id='word_1_232' title='bbox 853 3950 885 3998; x_wconf 86' lang='lat'><strong>28</strong></span> <span class='ocrx_word' id='word_1_233' title='bbox 905 3949 1010 3997; x_wconf 88' lang='lat' dir='ltr'><strong>monuit.</strong></span> <span class='ocrx_word' id='word_1_234' title='bbox 1049 3948 1224 3997; x_wconf 85' lang='lat' dir='ltr'><strong>Narrati0nem</strong></span> 
     </span>
     <span class='ocr_line' id='line_1_27' title="bbox 57 4037 1224 4102; baseline -0.003 -15"><span class='ocrx_word' id='word_1_235' title='bbox 57 4048 148 4096; x_wconf 85' lang='lat' dir='ltr'><strong>autem,</strong></span> <span class='ocrx_word' id='word_1_236' title='bbox 172 4054 322 4102; x_wconf 89' lang='lat' dir='ltr'><strong>quamquam</strong></span> <span class='ocrx_word' id='word_1_237' title='bbox 343 4055 398 4086; x_wconf 93' lang='lat' dir='ltr'><strong>cum</strong></span> <span class='ocrx_word' id='word_1_238' title='bbox 419 4039 581 4087; x_wconf 89' lang='lat' dir='ltr'><strong>antecedente</strong></span> <span class='ocrx_word' id='word_1_239' title='bbox 609 4039 696 4101; x_wconf 89' lang='lat' dir='ltr'><strong>capitis</strong></span> <span class='ocrx_word' id='word_1_240' title='bbox 715 4046 784 4102; x_wconf 88' lang='lat' dir='ltr'><strong>parte</strong></span> <span class='ocrx_word' id='word_1_241' title='bbox 813 4039 848 4087; x_wconf 90' lang='lat' dir='ltr'><strong>ita</strong></span> <span class='ocrx_word' id='word_1_242' title='bbox 877 4039 993 4097; x_wconf 84' lang='lat' dir='ltr'><strong>conciuit,</strong></span> <span class='ocrx_word' id='word_1_243' title='bbox 1025 4048 1052 4088; x_wconf 93' lang='lat' dir='ltr'><strong>ut</strong></span> <span class='ocrx_word' id='word_1_244' title='bbox 1087 4039 1145 4087; x_wconf 90' lang='lat' dir='ltr'><strong>inde</strong></span> <span class='ocrx_word' id='word_1_245' title='bbox 1174 4037 1224 4085; x_wconf 83' lang='lat' dir='ltr'><strong>fere</strong></span> 
     </span>
     <span class='ocr_line' id='line_1_28' title="bbox 55 4128 1224 4194; baseline -0.003 -17"><span class='ocrx_word' id='word_1_246' title='bbox 55 4128 160 4192; x_wconf 89' lang='lat' dir='ltr'><strong>repetita</strong></span> <span class='ocrx_word' id='word_1_247' title='bbox 179 4128 300 4191; x_wconf 81' lang='lat' dir='ltr'><strong>videatur,</strong></span> <span class='ocrx_word' id='word_1_248' title='bbox 322 4128 457 4190; x_wconf 81' lang='lat' dir='ltr'><strong>genuinam</strong></span> <span class='ocrx_word' id='word_1_249' title='bbox 477 4145 529 4176; x_wconf 89' lang='lat' dir='ltr'><strong>esse</strong></span> <span class='ocrx_word' id='word_1_250' title='bbox 549 4128 604 4191; x_wconf 90' lang='lat' dir='ltr'><strong>ipsa</strong></span> <span class='ocrx_word' id='word_1_251' title='bbox 623 4129 730 4177; x_wconf 89' lang='lat' dir='ltr'><strong>elocutio</strong></span> <span class='ocrx_word' id='word_1_252' title='bbox 750 4130 840 4190; x_wconf 86' lang='lat' dir='ltr'><strong>probat</strong></span> <span class='ocrx_word' id='word_1_253' title='bbox 889 4129 972 4177; x_wconf 88' lang='lat' dir='ltr'><strong>Verba</strong></span> <span class='ocrx_word' id='word_1_254' title='bbox 1003 4146 1140 4194; x_wconf 88' lang='lat' dir='ltr'><strong>eumque</strong></span> <span class='ocrx_word' id='word_1_255' title='bbox 1169 4143 1224 4191; x_wconf 89' lang='lat' dir='ltr'><strong>per</strong></span> 
     </span>
     <span class='ocr_line' id='line_1_29' title="bbox 57 4216 1219 4284; baseline -0.002 -18"><span class='ocrx_word' id='word_1_256' title='bbox 57 4218 168 4267; x_wconf 89' lang='lat' dir='ltr'><strong>dolum</strong></span> <span class='ocrx_word' id='word_1_257' title='bbox 188 4217 387 4270; x_wconf 68' lang='lat' dir='ltr'><strong>interficere</strong></span> <span class='ocrx_word' id='word_1_258' title='bbox 417 4219 527 4267; x_wconf 91' lang='lat' dir='ltr'><strong>voluit</strong></span> <span class='ocrx_word' id='word_1_259' title='bbox 554 4218 642 4267; x_wconf 86' lang='lat' dir='ltr'><strong>iterum</strong></span> <span class='ocrx_word' id='word_1_260' title='bbox 661 4218 775 4282; x_wconf 89' lang='lat' dir='ltr'><strong>leguntur</strong></span> <span class='ocrx_word' id='word_1_261' title='bbox 794 4219 819 4266; x_wconf 93' lang='lat' dir='ltr'><strong>in</strong></span> <span class='ocrx_word' id='word_1_262' title='bbox 839 4219 919 4281; x_wconf 89' lang='lat' dir='ltr'><strong>capite</strong></span> <span class='ocrx_word' id='word_1_263' title='bbox 939 4232 989 4281; x_wconf 88' lang='lat'><strong>219</strong></span> <span class='ocrx_word' id='word_1_264' title='bbox 1008 4219 1079 4284; x_wconf 87' lang='lat'><strong>(129.</strong></span> <span class='ocrx_word' id='word_1_265' title='bbox 1106 4218 1163 4283; x_wconf 84' lang='lat'>12):</span> <span class='ocrx_word' id='word_1_266' title='bbox 1187 4216 1219 4264; x_wconf 83' lang='lat' dir='ltr'><strong>cf.</strong></span> 
     </span>
     <span class='ocr_line' id='line_1_30' title="bbox 56 4305 1289 4374; baseline -0.002 -17"><span class='ocrx_word' id='word_1_267' title='bbox 56 4309 239 4373; x_wconf 79' lang='lat' dir='ltr'><strong>practerea(ut)</strong></span> <span class='ocrx_word' id='word_1_268' title='bbox 254 4307 344 4356; x_wconf 89' lang='lat' dir='ltr'><strong>vidit</strong></span> <span class='ocrx_word' id='word_1_269' title='bbox 363 4309 511 4357; x_wconf 88' lang='lat' dir='ltr'><strong>Perseum</strong></span> <span class='ocrx_word' id='word_1_270' title='bbox 531 4315 658 4356; x_wconf 88' lang='lat' dir='ltr'><strong>tantam</strong></span> <span class='ocrx_word' id='word_1_271' title='bbox 673 4309 974 4357; x_wconf 89' lang='lat' dir='ltr'><strong>virtutcmhabere</strong></span> <span class='ocrx_word' id='word_1_272' title='bbox 989 4319 1047 4358; x_wconf 92' lang='lat' dir='ltr'><strong>etc.</strong></span> <span class='ocrx_word' id='word_1_273' title='bbox 1067 4320 1098 4370; x_wconf 86' lang='lat'><strong>79</strong></span> <span class='ocrx_word' id='word_1_274' title='bbox 1115 4305 1219 4374; x_wconf 81' lang='lat'><strong>(81,4):</strong></span> <span class='ocrx_word' id='word_1_275' title='bbox 1287 4315 1289 4321; x_wconf 80' lang='grc'>’</span> 
     </span>
     <span class='ocr_line' id='line_1_31' title="bbox 56 4397 1223 4462; baseline -0.002 -15"><span class='ocrx_word' id='word_1_276' title='bbox 56 4397 255 4462; x_wconf 71' lang='lat' dir='ltr'><strong>quodjovis</strong></span> <span class='ocrx_word' id='word_1_277' title='bbox 284 4413 341 4445; x_wconf 92' lang='lat' dir='ltr'><strong>eos</strong></span> <span class='ocrx_word' id='word_1_278' title='bbox 361 4413 427 4446; x_wconf 91' lang='lat' dir='ltr'><strong>curn</strong></span> <span class='ocrx_word' id='word_1_279' title='bbox 456 4398 598 4446; x_wconf 88' lang='lat' dir='ltr'><strong>vidisset</strong></span> <span class='ocrx_word' id='word_1_280' title='bbox 627 4406 756 4447; x_wconf 89' lang='lat' dir='ltr'><strong>tantam</strong></span> <span class='ocrx_word' id='word_1_281' title='bbox 785 4398 948 4446; x_wconf 89' lang='lat' dir='ltr'><strong>virtutem</strong></span> <span class='ocrx_word' id='word_1_282' title='bbox 966 4399 1105 4457; x_wconf 87' lang='lat' dir='ltr'><strong>habere,</strong></span> <span class='ocrx_word' id='word_1_283' title='bbox 1129 4414 1149 4449; x_wconf 90' lang='lat' dir='ltr'><strong>c.</strong></span> <span class='ocrx_word' id='word_1_284' title='bbox 1175 4398 1223 4458; x_wconf 87' lang='lat'><strong>189</strong></span> 
     </span>
     <span class='ocr_line' id='line_1_32' title="bbox 56 4478 1219 4556; baseline 0.001 -20"><span class='ocrx_word' id='word_1_285' title='bbox 56 4478 126 4542; x_wconf 87' lang='lat'><strong>(120.</strong></span> <span class='ocrx_word' id='word_1_286' title='bbox 148 4488 200 4550; x_wconf 78' lang='lat'><strong>21).</strong></span> <span class='ocrx_word' id='word_1_287' title='bbox 222 4514 254 4522; x_wconf 93' lang='lat'><em>-</em></span> <span class='ocrx_word' id='word_1_288' title='bbox 275 4488 315 4535; x_wconf 92' lang='lat' dir='ltr'><strong>ab</strong></span> <span class='ocrx_word' id='word_1_289' title='bbox 337 4487 484 4536; x_wconf 90' lang='lat' dir='ltr'><strong>humana</strong></span> <span class='ocrx_word' id='word_1_290' title='bbox 503 4488 620 4550; x_wconf 88' lang='lat' dir='ltr'><strong>specie</strong></span> <span class='ocrx_word' id='word_1_291' title='bbox 639 4496 690 4536; x_wconf 92' lang='lat' dir='ltr'><strong>est</strong></span> <span class='ocrx_word' id='word_1_292' title='bbox 709 4487 899 4537; x_wconf 87' lang='lat' dir='ltr'><strong>immutatus</strong></span> <span class='ocrx_word' id='word_1_293' title='bbox 919 4495 978 4537; x_wconf 90' lang='lat' dir='ltr'><strong>etc.</strong></span> <span class='ocrx_word' id='word_1_294' title='bbox 1000 4500 1047 4552; x_wconf 83' lang='lat'><strong>125</strong></span> <span class='ocrx_word' id='word_1_295' title='bbox 1066 4489 1137 4554; x_wconf 85' lang='lat'><strong>(107.</strong></span> <span class='ocrx_word' id='word_1_296' title='bbox 1162 4490 1219 4556; x_wconf 81' lang='grc'>15);</span> 
     </span>
     <span class='ocr_line' id='line_1_33' title="bbox 58 4576 797 4644; baseline 0 -18"><span class='ocrx_word' id='word_1_297' title='bbox 58 4594 138 4644; x_wconf 92' lang='lat' dir='ltr'><strong>quos</strong></span> <span class='ocrx_word' id='word_1_298' title='bbox 158 4578 221 4626; x_wconf 89' lang='lat' dir='ltr'><strong>illa</strong></span> <span class='ocrx_word' id='word_1_299' title='bbox 244 4578 282 4626; x_wconf 86' lang='lat' dir='ltr'><strong>ab</strong></span> <span class='ocrx_word' id='word_1_300' title='bbox 300 4576 445 4627; x_wconf 89' lang='lat' dir='ltr'><strong>humana</strong></span> <span class='ocrx_word' id='word_1_301' title='bbox 464 4577 577 4641; x_wconf 90' lang='lat' dir='ltr'><strong>specie</strong></span> <span class='ocrx_word' id='word_1_302' title='bbox 597 4577 797 4627; x_wconf 88' lang='lat' dir='ltr'><strong>immutavit.</strong></span> 
     </span>
    </p>
   </div>
   <div class='ocr_carea' id='block_1_6' title="bbox 0 0 1572 5354">
    <p class='ocr_par' dir='ltr' id='par_1_6' title="bbox 0 0 1572 5354">
     <span class='ocr_line' id='line_1_34' title="bbox 0 0 1572 5354; baseline 0 0"><span class='ocrx_word' id='word_1_303' title='bbox 0 0 1572 5354; x_wconf 95' lang='lat' dir='ltr'><strong> </strong></span> 
     </span>
    </p>
   </div>
  </div>
 </body>
</html>
