3136 5354
539 379 757 439 „27-

54 560 120 638 legi
147 561 296 633 solebant,
329 561 477 621 interdum
508 561 679 636 adiungere.
728 563 763 620 In
795 560 928 638 singulos
952 560 1035 622 locos
1068 562 1233 622 accuratius

54 669 276 746 inquirendum
299 690 364 731 esse
387 690 476 729 neruo
500 690 562 729 non
585 671 675 730 videt.

637 962 662 1000 Ι.

109 1062 157 1130 lle
182 1059 319 1136 tabulis,
346 1077 429 1147 quas
455 1061 576 1147 poetae
601 1062 636 1130 at
661 1061 924 1148 mythouraplrus
957 1062 1188 1132 communitus

488 1167 639 1239 fontibus
664 1170 796 1239 dotent.

171 1302 342 1376 Antequam
366 1319 435 1358 vero
460 1301 499 1358 ad
531 1301 563 1359 id
586 1301 692 1377 ipsum,
729 1302 811 1376 quod
841 1301 929 1359 nobis
963 1301 1149 1378 propositum
1179 1312 1232 1372 est,

57 1421 260 1479 transeamus
286 1427 383 1485 pauca
414 1418 499 1466 erunt
530 1409 763 1484 praemonenda,
797 1409 905 1484 quibus
938 1409 1012 1468 locis
1045 1411 1233 1468 statuendam

59 1537 129 1576 esse
154 1517 301 1575 eiusmodi
317 1516 515 1576 imitationem
537 1535 720 1576 censeamus,
768 1517 948 1575 Schmidtius
965 1517 1086 1592 quidem
1102 1518 1233 1576 fabulam

65 1643 139 1700 134,
165 1643 245 1700 quae
268 1626 306 1682 de
330 1624 491 1697 Tyrrhenis
515 1635 568 1693 est,
594 1624 724 1700 spuriam
759 1643 823 1682 esse
848 1634 942 1700 putat,
968 1644 1036 1684 cum
1070 1631 1233 1684 ‘nautarum

62 1733 289 1807 Tyrrhenorum
313 1730 436 1789 nomina
470 1750 505 1789 ex
537 1732 638 1791 Ovidii
662 1725 941 1818 μεταμορφώσεων
972 1732 1049 1791 libro
1078 1732 1234 1791 videantur

60 1841 219 1914 sublecta’.
236 1835 259 1917 ¹)
305 1841 343 1897 Et
367 1858 547 1915 quamquam
579 1840 609 1897 in
643 1858 690 1910 eo,
722 1840 805 1915 quod
840 1841 878 1899 de
911 1841 1042 1916 vestigiis
1075 1840 1233 1901 Ouidianis

59 1949 165 2018 sensit,
183 1958 322 2006 constans
340 1947 396 2005 sibi
413 1948 474 2017 luit,
493 1949 552 2006 hoc
576 1958 674 2005 tamen
691 1949 760 2005 loco
776 1947 907 2023 neglexit
923 1967 962 2006 ne
987 1948 1094 2024 respici
1111 1948 1233 2023 quidem

59 2056 234 2131 catalogum
251 2055 433 2114 Ouidianum
450 2049 533 2137 (met.
550 2057 604 2126 Ill,
624 2054 818 2134 582-691)‚
832 2056 863 2115 id
880 2057 962 2131 quod
989 2067 1069 2116 recte
1086 2045 1235 2114 Maassius¹

58 2166 204 2240 Ungerus
229 2163 348 2222 Crusius
363 2157 387 2240 2)
411 2173 598 2221 monuerunt.
646 2164 751 2240 Neque
776 2163 855 2222 enirn
880 2166 1021 2222 Proreum
1051 2163 1233 2223 Ovidianum

58 2271 203 2347 Hyginus
226 2289 324 2346 neque
349 2271 501 2329 Simonem
525 2271 731 2346 Hyginianum
746 2264 767 2350 ³)
793 2271 918 2330 Ovidius
942 2271 1234 2346 nominat:denique

57 2382 131 2438 loco
155 2379 262 2454 viginti
286 2389 440 2436 nautarum
458 2378 676 2438 Ovidianorum
700 2373 741 2460 (v.
770 2378 844 2456 687)
869 2379 907 2437 ab
925 2378 1048 2454 Hygino
1072 2378 1233 2438 duodecim

58 2495 265 2546 numerantur.
309 2489 465 2545 Praeterea
481 2487 612 2557 nomina,
630 2506 708 2562 quae
725 2487 863 2562 Hyginus
879 2487 1012 2562 praebet,
1029 2486 1067 2544 ad
1085 2486 1235 2546 Ovidiana

57 2595 294 2653 accommodare
328 2614 364 2653 eo
389 2595 484 2653 minus
515 2594 627 2666 licebit,
653 2595 735 2670 quod
759 2594 872 2669 reliqua
896 2612 1017 2669 quoque
1040 2593 1170 2652 narratio
1193 2593 1231 2652 ab

57 2702 173 2762 Ouidio
199 2702 343 2762 dissentit.
391 2703 477 2772 Nam,
510 2713 541 2760 ut
566 2721 611 2761 res
641 2703 767 2761 leviores
792 2702 938 2772 omittam,
972 2702 1053 2777 apud
1078 2701 1232 2777 Hyginum

57 2809 208 2886 Tyrrheni
233 2810 374 2868 Liberum
398 2828 522 2885 puerum
547 2810 656 2868 amoris
680 2829 770 2868 causa
794 2810 911 2880 tollunt,
937 2828 1068 2884 quocum
1102 2808 1234 2867 concinit

57 2917 179 2976 Servius
203 2917 322 2975 Daniel.
349 2917 388 2976 ad
410 2920 487 2976 Aen.
513 2919 536 2989 I,
564 2919 614 2992 67.
664 2917 765 2976 Ovidii
790 2927 887 2976 autem
913 2935 1030 2976 versum
1056 2920 1116 2976 606

170 3033 254 3100 utque
262 3033 358 3100 palat,
368 3027 510 3101 praedam
527 3027 629 3084 deserto
644 3034 741 3084 nactus
755 3027 785 3083 in
798 3044 869 3099 agro

59 3133 211 3191 illustrant
239 3133 418 3207 Apollodori
442 3134 534 3191 verba
557 3127 602 3210 (3.
630 3150 657 3209 5.
685 3130 734 3211 3):
768 3135 797 3195 ol
822 3131 858 3197 δὲ
882 3130 983 3198 αὐτὸν
1006 3127 1062 3213 (sc.
1088 3132 1234 3208 Tyrrheni

59 3240 219 3318 Liberum)
232 3236 406 3322 ἐνθέμενοι
421 3239 535 3314 Νάξον
546 3245 608 3324 μὲν
624 3239 820 3326 παρέπλεον,
836 3239 1007 3322 ἠπείγοντο
1020 3239 1056 3304 δὲ
1068 3243 1112 3316 εἰς
1123 3238 1234 3303 Ἀσίαν

60 3341 361 3429 ἀπεμπολήσοντες.

167 3455 314 3529 Exempla
337 3455 426 3530 igitur
450 3456 606 3527 eiusmodi,
639 3457 669 3513 in
702 3456 809 3531 quibus
842 3475 881 3514 ne
911 3456 1076 3532 argumenti
1111 3455 1233 3531 quidem

58 3562 227 3622 similitudo
246 3573 391 3632 occurrat,
410 3583 428 3621 a
444 3564 648 3639 disputatione
665 3564 848 3622 secludenda
865 3582 930 3622 esse
947 3573 1037 3640 patet.
1077 3565 1116 3621 Et
1131 3581 1232 3638 quam·

59 3690 150 3746 quam
175 3669 340 3728 certissimo
378 3671 550 3730 imitationis
581 3671 694 3729 indicio
719 3681 803 3729 erant
834 3671 926 3729 verba
954 3671 1073 3746 poetica
1105 3669 1234 3729 orationi

59 3777 186 3836 fabulari
209 3777 350 3847 admixta,
376 3790 474 3836 tamen
505 3799 567 3838 non
590 3779 693 3837 licebit
717 3798 767 3837 eas
801 3778 917 3837 fabulas
951 3779 1120 3854 praeterire,
1155 3796 1233 3852 quae

59 3886 150 3970 solius
176 3885 355 3944 narrationis
383 3906 562 3945 consensum
587 3887 738 3962 quendam
755 3886 899 3945 maiorem
923 3905 991 3944 cum
1015 3886 1127 3945 Ovidio
1151 3905 1233 3961 prae·

46 3994 158 4052 ,beant
208 3994 306 4066 Quem
334 4013 513 4054 consensum
545 3995 676 4069 Langius
708 3994 748 4053 ita
777 3993 926 4070 explicare
958 4005 1083 4053 conatus
1116 4004 1169 4064 est,
1202 4003 1232 4051 ut

62 4188 379 4196 -——--——„

166 4293 188 4358 ¹)
206 4294 285 4358 praes.
307 4311 332 4358 p.
353 4295 448 4343 XXIV.

167 4381 187 4452 Ι)
206 4385 290 4433 Maass
308 4385 397 4433 Herm.
418 4385 514 4450 xxlll,
536 4401 561 4447 p.
584 4385 649 4444 6143
682 4384 766 4448 Unger
793 4384 883 4448 philol.
904 4384 994 4444 XLVI,
1017 4401 1043 4447 p.
1065 4396 1130 4446 2233
1173 4382 1232 4435 Cru-

60 4475 108 4524 sius
128 4475 219 4539 philol.
240 4475 272 4533 ΙΙ,
296 4491 321 4539 p.
346 4489 397 4525 220
416 4492 436 4524 s.

167 4561 187 4629 3)
208 4564 308 4614 Crusius
327 4565 345 4614 l.
366 4565 384 4613 l.
405 4581 431 4630 p.
457 4579 516 4615 221.
538 4581 563 4619 n.
586 4573 628 4628 59.
