3120 5354
610 406 829 465 ..47-

218 608 231 646 r
255 608 292 648 ex
315 589 418 649 Ovidii
441 588 517 647 libro
551 589 758 664 depromptam
782 606 855 646 esse.
904 588 994 646 Cuius
1025 588 1173 648 sententia
1202 607 1299 665 neque

220 697 336 772 :liquam
369 697 577 773 mythographi
601 695 847 754 consuetudinem
871 696 997 769 quadrat
1020 714 1117 771 neque
1140 698 1198 755 hoc
1230 697 1298 755 loco

221 804 305 862 rsarie
334 806 503 880 postulatur.
551 804 634 862 Idem
658 802 737 861 enirn
770 803 814 860 vir
837 802 942 860 doctus
966 813 1045 861 recte
1077 815 1180 862 monet
1201 823 1299 862 narra-

222 931 250 968 m
273 922 402 969 nostram
420 910 628 968 Alexandrinis
652 910 784 986 ignotam
808 928 870 967 non
893 909 992 980 fuisse,
1010 911 1122 986 quippe
1146 930 1236 987 quam
1260 913 1298 970 ab

222 1018 256 1076 ’le
280 1028 434 1076 tractatam
464 1036 528 1077 esse
550 1019 721 1075 Athenaeus
745 1019 804 1074 Vll
832 1033 889 1092 297
917 1017 936 1073 b
968 1027 1097 1078 testetur.
1144 1021 1298 1078 Praeterea

223 1125 319 1196 vide0,
344 1125 497 1201 quomodo
521 1143 601 1183 error
633 1124 792 1199 scriptoris,
819 1099 899 1199 apud
922 1143 1011 1199 quem
1035 1125 1167 1184 Crataeis
1190 1146 1298 1202 parens

223 1250 254 1290 ae
270 1233 436 1308 appellatur
459 1232 578 1301 flumen,
597 1249 633 1290 ex
656 1231 825 1288 narratione
842 1231 993 1289 Ouidiana
1016 1242 1096 1290 ortus
1113 1251 1178 1291 esse
1193 1234 1296 1308 possit.

242 1340 363 1415 Optime
386 1358 455 1397 vero
476 1340 516 1409 id,
535 1339 617 1413 quod
632 1357 687 1396 nos
705 1337 857 1395 statuimus
875 1348 1081 1413 argumentum
1097 1340 1298 1416 hypotheseos

224 1465 270 1505 :ae
283 1449 384 1505 colore
396 1446 515 1522 poetico
529 1456 701 1504 exornatum
714 1462 787 1514 esse,
797 1445 921 1503 illustrat
933 1445 1036 1503 sabula
1052 1449 1108 1522 185
1124 1460 1298 1523 comparata

224 1553 305 1612 Jvid.
320 1564 388 1613 met.
406 1555 443 1623 X,
449 1555 630 1628 560-704.
656 1554 763 1609 Parum
778 1562 857 1609 recte
872 1552 1020 1627 Hauptius
1047 1553 1085 1611 ad
1098 1554 1127 1614 h.
1141 1555 1160 1613 l.
1176 1564 1297 1630 poetam

225 1661 328 1737 ipuum
341 1660 455 1736 Hygini
472 1669 622 1717 auctorem
642 1677 707 1717 esse
719 1658 842 1717 censuit.
868 1659 974 1734 Neque
988 1659 1066 1718 enim
1079 1671 1147 1719 sunt
1158 1680 1254 1737 pauca
1266 1663 1296 1721 in

224 1779 294 1827 ntae
308 1769 418 1839 fabula,
434 1785 520 1843 quae,
534 1784 602 1823 cum
619 1767 657 1824 ab
675 1765 785 1825 Ovidio
802 1766 992 1836 abhorreant,
1010 1786 1148 1842 magnam
1165 1769 1296 1829 similitu-

225 1895 234 1934 r
247 1894 315 1933 curn
328 1874 506 1951 Apollodori
518 1874 591 1933 bibl.
606 1875 650 1932 III
664 1893 713 1949 9.2
728 1873 899 1949 praebeant.
916 1875 1095 1949 Apollodori
1108 1885 1205 1935 autem
1218 1879 1296 1936 testi·

226 2002 266 2041 rm
289 1984 348 2041 hoc
370 1982 438 2040 loco
462 1980 605 2040 adhibere
622 1981 707 2040 licet:
725 2000 794 2038 nam
815 1999 994 2055 quamquam
1014 2000 1075 2040 non
1096 1982 1134 2041 de
1156 1984 1297 2044 Atalanta

226 2090 284 2148 enei
297 2090 368 2156 filia,
383 2089 435 2146 sed
453 2089 491 2147 de
506 2089 567 2147 Iasi
583 2087 643 2145 filia
660 2087 742 2157 dicit,
756 2097 911 2162 utramque
926 2097 1027 2146 tamen
1040 2091 1078 2147 ab
1092 2108 1128 2148 eo
1141 2091 1296 2150 confusam

227 2217 248 2255 ,c
264 2197 466 2255 narrationem
489 2197 528 2254 ad
542 2196 709 2252 Atalantam
723 2195 895 2253 Boeoticam
915 2194 1062 2270 pertinere
1080 2207 1147 2272 post
1163 2199 1296 2258 Welcke-

251 2314 375 2363 constat.
400 2305 465 2362 lam
481 2302 607 2362 Ovidius
623 2303 790 2360 Hesiodum
803 2295 827 2380 2)
850 2313 966 2360 secutus
990 2304 1161 2363 Atalantam
1184 2306 1295 2364 nudam

233 2423 361 2470 certasse
385 2411 489 2472 tradit:
514 2410 593 2486 apud
610 2410 762 2484 Hyginum
780 2428 815 2467 ea
830 2428 953 2484 procum
971 2410 1132 2484 fugientem
1149 2430 1216 2470 cum
1234 2415 1294 2473 telo

228 2518 308 2593 ritur3
333 2520 371 2579 cf.
395 2517 575 2594 Apollodori
598 2517 710 2576 verba:
750 2513 902 2602 ἐτρόχαζε
940 2517 1199 2604 καθωπλισμένη
1237 2529 1293 2584 καὶ

228 2627 375 2709 ληφθέντι
399 2630 461 2708 μὲν
485 2624 575 2712 αὐτῷ
591 2622 740 2700 θάνατος
764 2622 926 2705 ὠφείλετο.
942 2619 967 2704 ³)
998 2625 1123 2684 Ovidius
1139 2638 1292 2702 praeterea

228 2751 350 2792 >menen
375 2743 403 2792 et
426 2735 597 2792 Atalantam
622 2733 652 2789 in
675 2733 787 2808 templo
804 2732 908 2790 Matris
925 2734 1023 2790 Deum
1047 2733 1078 2790 in
1101 2735 1203 2793 leones
1228 2754 1286 2793 con

252 2860 317 2900 esse
339 2851 448 2914 narrat,
466 2841 603 2917 Hyginus
626 2841 784 2916 intemplo
808 2840 887 2898 Iovis
904 2840 1042 2918 victoris3
1065 2843 1199 2917 Apollod
1214 2843 1234 2902 l.
1252 2845 1292 2906 l.:

229 2971 265 3010 ur.
285 2995 312 3008 ..
339 2946 456 3023 αὐτοῦς
471 2948 631 3011 εἰσελθεῖν
647 2950 691 3022 εἰς
715 2945 752 3009 ad
769 2954 901 3028 τέμενος
924 2946 1000 3018 Διὸς
1016 2946 1110 3012 καλκεῐ
1124 2944 1293 3014 συνουσιά-

231 3081 246 3132 ς
277 3060 320 3131 εἰς
344 3056 477 3130 λέοντας
501 3051 695 3138 ἀλλαγῆναι.
710 3049 738 3137 ⁴)
783 3055 873 3113 Addo
898 3074 1026 3114 errorem
1051 3056 1161 3126 Ovidii,
1175 3051 1201 3139 ⁵)
1225 3059 1286 3134 qui,

229 3166 386 3222 ltalantam
409 3164 440 3221 in
464 3164 543 3222 silvis
568 3173 715 3221 versatam
740 3181 803 3221 esse
826 3163 907 3234 dicit,
931 3181 997 3221 eam
1021 3181 1088 3221 cum
1112 3166 1204 3223 altera
1219 3167 1289 3223 Ata-

232 3271 396 3341 confundit,
422 3271 460 3329 ab
485 3271 607 3348 Hygino
631 3270 742 3329 evitari.
791 3271 850 3328 Sed
874 3288 1055 3346 quamquam
1079 3272 1205 3330 dubium
1228 3292 1290 3331 non

230 3379 278 3438 uin
302 3380 441 3437 fabulae
465 3380 546 3437 fonte
572 3379 689 3437 Graeco
713 3379 817 3436 hausta
841 3378 886 3449 sit,
911 3388 1011 3436 tamen
1033 3379 1197 3437 narrationi
1221 3380 1289 3438 flos-

230 3506 244 3547 e
267 3498 357 3562 poeta
381 3486 489 3561 petitos
513 3486 672 3544 immisceri
695 3486 867 3544 iamdudum
892 3506 910 3545 a
933 3486 1000 3544 viris
1017 3487 1113 3545 doctis
1129 3487 1281 3562 cognitum

230 3663 442 3672 ——.—.--

234 3765 255 3836 ¹)
274 3786 310 3833 gr.
332 3778 394 3833 trag.
415 3784 442 3832 p.
466 3781 544 3830 1219;
568 3767 600 3817 cf.
620 3768 782 3818 Immerwahr
800 3767 831 3818 de
851 3769 969 3819 Atalanta
987 3785 1011 3834 p.
1032 3782 1059 3832 3.
1079 3781 1122 3837 24,
1144 3768 1212 3833 quod
1227 3769 1289 3818 Rib·

247 3876 325 3907 roem.
348 3859 460 3923 tragoed,
480 3874 506 3922 p.
529 3871 580 3921 314
598 3858 718 3922 neglegit.

233 3945 255 4015 ¹)
274 3949 305 3999 cs.
323 3948 418 3997 Robert
435 3948 525 3998 Herm.
546 3949 629 4006 XXII,
651 3965 678 4011 p.
697 3958 748 4012 445
768 3964 823 4013 sqq.

232 4034 255 4105 ⁸)
277 4037 309 4086 cs.
330 4037 455 4101 mythogr.
475 4039 533 4088 Vat.
554 4039 567 4086 Ι
586 4051 629 4101 39.
667 4037 737 4087 Errat
756 4020 829 4102 igitur
847 4038 969 4088 Robertus
986 4039 1004 4090 l.
1023 4038 1039 4090 l.
1059 4055 1083 4102 p.
1103 4047 1163 4102 452,
1182 4038 1223 4104 qui
1238 4039 1288 4087 hoc

231 4129 269 4176 nis
287 4144 365 4191 genus
383 4143 397 4176 e
416 4125 516 4190 Pelopis
534 4127 619 4176 fabula
637 4126 694 4194 (84)
712 4128 760 4177 huc
779 4129 925 4176 translatum
943 4143 996 4177 esse
1015 4135 1095 4191 putat.

233 4214 255 4280 ⁴)
273 4219 360 4282 ltaque
379 4218 489 4267 Roberto
508 4217 526 4265 l.
542 4217 559 4265 l.
576 4233 602 4281 p.
619 4227 671 4280 452
690 4218 826 4266 concedere
842 4233 892 4265 non
907 4233 1007 4281 possum
1021 4219 1287 4268 commemorationem

231 4306 406 4370 rterpolatione
433 4307 458 4354 in
483 4307 632 4370 hypothesin
660 4307 796 4371 irrepsisse:
820 4308 897 4356 immo
925 4307 997 4356 huius
1021 4308 1062 4355 dei
1089 4308 1182 4357 mentio
1208 4308 1286 4356 multo

234 4413 251 4446 n
278 4397 376 4445 fabulae
403 4397 510 4444 formam
529 4397 682 4445 Hesiodeam
711 4398 825 4464 quadrat,
846 4414 920 4461 quam
939 4397 1025 4445 Matris
1044 4397 1126 4446 Deum
1147 4397 1286 4448 Ouidianae

252 4486 270 4536 1.
291 4486 309 4535 l.
329 4502 356 4550 p.
377 4485 454 4553 451);
478 4484 510 4534 cf.
531 4487 691 4536 Immerwahr
709 4487 740 4535 <le
761 4487 879 4535 Atalanta
898 4503 925 4550 p.
948 4496 972 4550 5.

234 4573 256 4649 ⁶)
274 4577 437 4627 lmmerwahr
454 4593 480 4642 p.
503 4585 562 4643 511.
587 4591 609 4628 1.
