3136 5354
671 394 889 455 -45-

154 563 157 597 ³
227 579 338 638 Profecto
361 577 492 636 narratio
517 577 724 653 mythographi
747 594 970 651 nonnumquam
995 577 1055 634 fere
1078 577 1294 652 paraphraseos
1318 574 1360 633 in-

225 695 267 743 star
286 696 334 744 est.

320 855 389 905 met.
414 847 467 914 XI,
491 864 658 918 roo—103
927 864 953 902 c.
983 843 1148 921 199(122,
1171 843 1221 921 11)

251 955 308 1010 lzoic
328 954 393 1010 deus
416 953 532 1028 optandi
561 959 688 1023 ,gratini
712 953 763 1008 sed
847 958 880 1008 al
900 953 1001 1008 Midae
1023 951 1110 1008 Liber
1124 959 1212 1025 pater
1232 952 1265 1007 ol
1287 951 1359 1007 lene-

213 1059 306 1129 inutill,
314 1061 386 1134 fecit
398 1061 520 1117 trinacris
532 1059 681 1116 arbitrium
701 1105 705 1116 .
726 1107 732 1118 .
752 1105 757 1116 .
795 1060 895 1134 ficium
920 1059 1070 1133 cleoplomli
1090 1059 1165 1115 dedit
1189 1064 1359 1133 potestatem,

248 1167 372 1224 illemale
389 1185 493 1224 risuros
508 1167 586 1223 doliis
602 1166 758 1240 ail‘efficc,
805 1172 837 1223 ul
868 1166 1008 1240 quidquid
1034 1166 1113 1222 rullei
1135 1172 1240 1239 peteret
1271 1184 1289 1222 a
1323 1184 1358 1221 se.

205 1274 332 1348 qriz'cquirl
350 1282 460 1348 corpore
482 1275 624 1345 conligere,
640 1273 757 1346 fulvum
804 1266 902 1356 (ajqrro
931 1273 1030 1329 Mr'rlas
1053 1274 1143 1347 petiit,
1168 1279 1200 1328 ul
1225 1271 1365 1346 quidquid

203 1389 328 1439 vertatur
348 1384 378 1439 in
402 1382 526 1438 altrum)
802 1381 929 1453 tetigisset
949 1399 1053 1436 aarum
1067 1380 1160 1454 fieret.

461 1506 518 1562 133

249 1597 295 1653 sel
313 1598 449 1663 rniscrere,
468 1603 576 1670 precor,
593 1597 759 1670 speciosoque
840 1595 913 1668 petit
933 1613 951 1650 a
967 1594 1076 1662 Li'lero,
1097 1600 1130 1649 ul
1149 1594 1203 1650 sibi
1214 1595 1359 1668 speciosam

200 1703 276 1777 eripe
295 1704 398 1760 lanino
802 1702 904 1758 dorium
927 1703 1049 1775 ciperet.

306 1863 452 1921 Fabulam
487 1872 586 1920 autem
620 1861 779 1936 genuinam
804 1879 869 1920 esse
903 1871 932 1919 et
954 1861 1130 1920 testimoniis
1165 1872 1194 1919 et
1216 1860 1360 1920 sermonis

154 2044 156 2059 Ι
206 1966 407 2028 observatione
432 1970 631 2027 confirmatur.
679 1968 870 2043 Quamquam
889 1968 1056 2026 auctoritati
1071 1968 1220 2043 Fulgentii
1236 1969 1357 2043 mythol.

154 2064 156 2069 ⁵
211 2070 326 2154 1131)
352 2086 381 2135 et
404 2077 553 2134 Lactantii
575 2086 684 2134 narrat.
733 2076 822 2136 Ovid.
847 2078 891 2133 XI
910 2096 938 2150 3,
965 2076 1016 2150 qui
1052 2086 1140 2151 caput
1173 2077 1308 2150 legerunt
1333 2086 1362 2133 et

211 2177 239 2238 in
258 2203 337 2242 usum
361 2203 445 2242 suum
469 2194 625 2253 verterunt,
650 2183 730 2241 haud
754 2183 794 2241 ita
818 2183 940 2241 multum
964 2183 1070 2242 tribuo.
1120 2183 1246 2241 Gravior
1267 2192 1362 2241 exstat

212 2291 290 2362 testis,
318 2292 369 2368 qui
400 2291 533 2349 fabulam
568 2292 645 2348 inter
668 2291 856 2366 Hyginianas
893 2291 1014 2348 invenit.
1061 2293 1098 2362 Is,
1124 2290 1230 2365 quiin
1264 2290 1360 2366 capite

214 2415 263 2470 242
290 2391 375 2482 (134.
397 2393 452 2480 21)
486 2398 620 2473 scripsit:
656 2400 685 2454 in
712 2399 822 2472 slmnen
856 2399 1020 2472 Lycorrriom
1047 2445 1052 2455 .
1080 2445 1085 2455 .
1113 2445 1118 2456 .
1143 2445 1151 2467 ,
1184 2399 1261 2473 quod
1290 2415 1364 2455 irum

215 2504 413 2580 Chrysorrhoas
435 2507 602 2580 appellatur,
627 2505 763 2563 confudit
786 2507 956 2580 Lycorman
981 2524 1048 2562 cunr
1072 2507 1195 2564 Pactolo
1229 2506 1373 2580 flumine,-

209 2613 300 2687 quode
325 2614 356 2671 in
380 2615 439 2671 tine
464 2613 569 2688 capitis
598 2633 654 2688 191
682 2623 760 2670 recte
785 2612 908 2674 dicitur:
932 2613 1009 2687 quod
1031 2614 1141 2687 flumen
1176 2632 1251 2671 nriiic
1274 2614 1361 2688 Cliry·

206 2722 332 2778 sorrlioas
366 2722 525 2797 appellatur
555 2723 585 2777 in
615 2721 718 2794 Lytlla.
767 2721 958 2795 Perspicuum
983 2730 1026 2778 est
1061 2721 1152 2779 verba
1186 2720 1257 2778 hinc
1290 2721 1360 2778 illuc

203 2846 289 2902 prave
313 2828 351 2885 ab
375 2828 419 2896 iis,
446 2828 496 2902 qui
521 2827 726 2886 recensionem
748 2837 880 2886 nostram
904 2828 1104 2898 confecerunt,
1121 2829 1262 2886 translata
1285 2845 1358 2896 esse,

202 2954 267 2993 cum
290 2935 320 2992 in
345 2935 444 3010 capite
472 2955 527 3010 191
565 2935 765 3009 respondeant
799 2935 957 3009 hypothesi
981 2936 1116 2993 Graecae
1150 2935 1230 3011 apud
1265 2936 1357 2992 schol.

199 3044 341 3118 Apollon.
366 3044 418 3115 IV,
450 3061 547 3116 1300:
584 3039 761 3116 Πακτωλὸς
795 3040 944 3123 ποταμὸς
980 3041 1160 3116 Λυδίας,ὁ
1196 3045 1255 3106 νῦν
1279 3045 1360 3128 Χρυ-

198 3144 331 3234 σοῤῥόας
355 3146 533 3229 λεγόμενος.
582 3149 651 3223 Quo
684 3150 854 3207 testimonio
889 3150 1020 3208 fabulam
1056 3150 1217 3224 antiquitus
1252 3151 1360 3207 lectam

197 3276 263 3315 esse
286 3257 435 3332 probatur.
483 3257 609 3315 Accedit
633 3257 777 3315 sermonis
803 3257 924 3331 quidam
948 3275 1128 3332 consensus3
1165 3275 1231 3314 curn
1262 3257 1359 3315 verbis

196 3384 276 3439 quem
300 3365 400 3421 ladas
423 3372 559 3439 exceptum
574 3357 596 3447 2)
621 3366 736 3439 hospilio
751 3365 903 3422 liberaliter
916 3366 1065 3440 accipitet.
1083 3385 1108 3422 c.
1134 3384 1168 3421 12
1176 3381 1190 3439 5
1207 3363 1290 3442 (109.
1310 3363 1359 3440 14)

196 3473 313 3546 hospilio
336 3472 488 3529 liberaliter
518 3479 661 3546 acceptum,
686 3491 712 3530 c.
743 3475 778 3528 16
797 3471 860 3548 (50.
884 3472 934 3548 22)
957 3472 1073 3545 hospilio
1107 3472 1218 3528 liberali
1249 3472 1358 3545 excipit,

198 3599 225 3639 c.
256 3595 311 3654 125
333 3571 419 3660 (107.
440 3577 474 3661 6)
497 3580 615 3654 hospitio
638 3580 719 3636 lilii-e
742 3581 847 3654 accepit,
872 3598 897 3636 c.
921 3595 977 3654 195
997 3577 1048 3654 (12
1056 3594 1082 3654 5.
1106 3578 1155 3654 ιο)
1178 3597 1238 3636 cirin
1261 3579 1358 3635 libera-

307 3892 327 3963 ¹)
447 3897 517 3960 Hrc-
1041 3896 1113 3962 Fuls·

234 3985 341 4036 Midas
378 3985 492 4048 petiit,
527 3993 559 4034 ut
590 3984 758 4049 quidquid
829 3985 917 4035 Mida
942 4002 994 4034 rex
1022 3986 1214 4050 Apollinem
1237 3985 1354 4050 petiit,

199 4074 374 4139 tetigisset
401 4091 512 4123 aurum
532 4074 642 4124 fieret.
796 4083 829 4124 ut
858 4075 1017 4140 quidquid
1044 4075 1216 4139 tetigisset
1245 4092 1357 4125 aurum

796 4165 905 4214 fieret.

235 4253 404 4318 quidquid
440 4254 605 4318 tetigerat
647 4269 757 4301 aurum
829 4254 995 4318 quidquid
1036 4254 1205 4318 tetigerat
1247 4270 1358 4304 aurum

202 4341 316 4392 fiebat.
789 4343 906 4393 statim
926 4343 1154 4393 efficiebatur.

305 4465 325 4534 ¹)
344 4476 520 4531 exceptum
540 4469 672 4532 accepit
691 4485 741 4516 non
761 4477 798 4518 est
816 4469 963 4534 tautologia,
979 4469 1023 4518 sed
1042 4476 1218 4533 exceptum
1236 4469 1277 4518 hic
1290 4468 1358 4517 idem

203 4556 331 4622 significat,
348 4557 417 4624 quod
436 4558 698 4623 deprehensum
722 4558 755 4608 cf.
776 4560 828 4609 fab.
845 4571 879 4623 34
892 4557 949 4627 (67.
965 4559 991 4627 3)
1003 4566 1028 4610 et
1043 4559 1120 4609 Ovid.
1137 4565 1197 4610 met.
1213 4559 1231 4610 l.
1246 4558 1263 4612 1.
1277 4575 1300 4612 v.
1315 4570 1356 4624 91.
