3136 5354
674 389 894 446 ...31...

198 569 270 628 dam
296 587 477 627 consensum
502 568 657 646 praebent,
674 568 723 626 hic
746 578 874 627 tractare
897 566 993 624 liceat.
1041 567 1076 623 In
1099 565 1210 636 fabula,
1229 565 1376 642 quamde

196 677 317 753 Aegina
350 676 585 752 mythographus
618 676 715 751 capite
751 692 801 751 52,
833 651 962 733 Ovidius
994 685 1062 731 met.
1094 676 1161 742 VII,
1199 677 1373 750 518—660

198 794 329 854 enarrat,
355 794 479 859 uterque
504 784 544 840 ita
571 804 588 840 a
613 785 708 841 forma
732 783 802 841 inde
827 783 865 840 ab
890 781 1030 858 Hesiodo
1054 783 1174 856 vulgata
1198 782 1319 851 recedit,
1343 791 1375 839 ut

197 891 392 950 solitudinem
416 882 509 948 Aeaci
535 890 706 964 pestilentia
730 892 880 947 alrrnone
904 889 995 946 missa
1018 889 1155 946 effectam
1180 906 1245 947 esse
1268 888 1372 957 tradat.

197 999 301 1072 Quam
319 999 439 1056 fabulae
463 998 590 1055 formam
608 997 731 1055 Graecis
756 1015 817 1054 non
843 996 976 1070 ignotam
1001 995 1090 1054 suisse
1107 995 1260 1053 Strabonis
1283 997 1375 1054 verba

196 1108 281 1176 VIII,
307 1125 337 1180 p.
365 1121 425 1180 375
446 1105 629 1163 ostendunt:
648 1113 754 1186 φασίν,
782 1097 832 1165 ὅτι
859 1103 972 1184 λοιμοῦ
995 1097 1137 1182 μεγάλου
1154 1100 1373 1184 συμπεσόντος

197 1216 227 1274 οἱ
250 1210 415 1295 μύρμηκες
439 1207 616 1297 ἄνθρωποι
639 1216 784 1289 γένοιντο
812 1213 882 1272 κατ’
908 1201 1006 1292 εὐχήν
1029 1210 1169 1274 Αἰακοῦ.
1230 1210 1289 1267 Sed
1312 1228 1374 1267 non

196 1320 292 1378 modo
318 1338 363 1388 ea,
389 1337 467 1394 quae
491 1329 580 1394 poeta
614 1317 697 1392 quasi
721 1317 752 1374 in
775 1318 899 1374 transitu
929 1316 1032 1374 leviter
1055 1316 1159 1392 tangit,
1186 1315 1225 1375 ab
1250 1317 1373 1392 Hygino

197 1426 329 1501 amplius
344 1423 370 1507 ¹)
387 1426 581 1500 explicantur,
598 1444 700 1483 verum
719 1425 808 1482 etiam
825 1442 871 1493 ea,
886 1442 962 1498 quae
976 1422 1102 1482 Ovidius
1113 1403 1157 1482 ¹d'e
1175 1441 1229 1481 suo
1247 1423 1372 1493 addidit,

198 1533 419 1609 mythographo
442 1542 614 1607 comparato
634 1531 812 1607 investigare
835 1549 1003 1606 possumus.
1051 1530 1149 1587 Huius
1174 1530 1266 1589 verba
1289 1541 1372 1589 sunt:

191 1641 309 1718 June..
338 1687 343 1697 .
372 1687 377 1698 .
402 1647 550 1715 serpentem
574 1641 603 1696 m
627 1659 734 1714 aquam
758 1641 843 1708 misit,
860 1657 932 1712 quoe
954 1657 1015 1694 eam
1039 1639 1205 1707 uerrermm‘t;
1227 1637 1263 1695 cf.
1282 1638 1372 1696 Ovid.

197 1766 299 1805 versus
327 1763 342 1822 5
349 1767 399 1821 34.
405 1763 420 1822 5
426 1767 442 1821 3
449 1763 464 1822 5
491 1746 624 1820 rrer'le'erque
651 1745 765 1802 namtas
781 1752 935 1820 serpentum
960 1745 1048 1801 arulta
1074 1753 1131 1820 per
1160 1764 1244 1818 agros
1266 1764 1375 1802 errasse

197 1863 284 1930 atque
319 1855 378 1912 sm's
403 1855 512 1928 firmius
547 1861 691 1910 temerasse
723 1855 841 1911 venenis.
889 1853 979 1928 Apud
1012 1852 1262 1926 mythographum
1296 1871 1375 1926 aqua

196 1962 323 2020 venenis
349 1960 505 2035 inquinata
529 1970 573 2018 est
597 1961 660 2018 sola
685 1959 873 2035 pestilentiae
907 1977 1004 2029 causa,
1031 1959 1111 2034 apud
1144 1958 1296 2029 Ovidium,
1323 1959 1373 2034 qui

195 2078 353 2145 praeterea
371 2086 525 2125 numerum
543 2067 723 2142 serpentium
747 2067 918 2141 amplificat,
936 2085 996 2124 una
1018 2084 1053 2124 ex
1076 2066 1185 2137 multis,
1203 2084 1282 2140 quae
1305 2085 1372 2124 eam

194 2177 344 2235 excitasse
369 2175 514 2233 dicuntur.
561 2175 626 2232 Nec
643 2174 767 2233 dubium
792 2184 844 2242 est,
864 2174 936 2248 quin
960 2173 1010 2231 ille
1026 2173 1205 2249 hypothesin
1222 2173 1371 2231 Graecam

195 2282 370 2341 accuratius
394 2281 510 2351 reddat,
537 2301 626 2357 quam
651 2281 787 2351 Ovidius,
813 2281 925 2355 quippe
949 2281 999 2355 qui
1023 2280 1053 2338 in
1077 2279 1247 2356 pestilentia
1271 2279 1373 2355 depin-

195 2391 299 2467 genda
325 2409 394 2447 cum
417 2389 556 2448 Lucretio
581 2400 610 2447 et
633 2389 768 2464 Vergilio
793 2398 894 2446 certet.
911 2382 937 2465 2)

308 2514 457 2573 Procridis
482 2515 593 2585 fabula,
612 2533 703 2590 quam
720 2514 857 2589 Hyginus
882 2514 911 2571 in
934 2513 1033 2589 capite
1061 2507 1130 2588 189,
1150 2513 1276 2572 Ovidius
1301 2522 1371 2574 met.

198 2626 268 2693 VII,
296 2624 467 2697 661-865
495 2623 628 2696 praebet,
654 2641 837 2697 quamquam
862 2621 1096 2697 nrythographus
1120 2621 1239 2679 uberius
1262 2630 1371 2691 narrat,

198 2732 241 2789 ita
266 2731 348 2806 apud
383 2738 540 2804 utrumque
564 2729 722 2800 consentit,
748 2739 779 2786 ut
803 2728 934 2803 Langius
959 2729 997 2786 de
1021 2746 1099 2786 nexu
1122 2747 1150 2803 p.
1188 2745 1225 2804 53
1251 2738 1373 2803 poetam

199 2858 267 2896 earu
292 2855 414 2912 quoque
438 2855 454 2894 e
477 2837 769 2895 transformationum
793 2836 870 2894 libro
895 2836 1070 2912 Hyginiano
1094 2835 1255 2911 sumpsisse
1279 2835 1372 2894 credi·

198 2945 285 3004 derit.
335 2945 426 3002 Cuius
462 2944 582 3018 quidem
617 2944 720 3019 opinio
753 2945 800 3002 vel
834 2962 870 3001 eo
903 2943 1097 3018 redarguitur,
1130 2944 1211 3018 quod
1246 2943 1372 3004 Ovidius

198 3053 356 3127 antiquum
386 3045 557 3129 mythum3)
589 3062 707 3110 secutus
741 3025 908 3126 Cephalum
940 3051 978 3108 ab
1009 3053 1126 3108 Aurora
1159 3061 1274 3125 raptum
1308 3068 1373 3108 esse

197 3171 309 3230 narrat,
335 3160 367 3216 id
392 3160 473 3234 quod
492 3160 630 3235 Hyginus
655 3160 771 3218 omittit.
819 3159 958 3218 Cetenrm
974 3159 1066 3217 verba
1081 3159 1169 3215 recede
1184 3159 1216 3214 de
1238 3159 1288 3214 me
1301 3164 1372 3214 emm

198 3288 234 3327 ex
260 3269 319 3327 Ov.
346 3276 413 3325 met.
441 3269 478 3334 II,
505 3270 565 3343 465
593 3267 781 3342 deprompta,
799 3266 823 3324 si
840 3266 978 3340 Micyllus
1003 3276 1092 3336 recte,
1109 3276 1141 3322 ut
1158 3265 1282 3334 videtur,
1300 3271 1372 3322 coetu

197 3395 258 3451 pro,
286 3383 317 3432 tre
348 3375 527 3444 emendavit,
564 3375 602 3432 ad
633 3383 765 3432 nostram
799 3372 1005 3448 quaestionem
1040 3392 1102 3431 non
1133 3382 1278 3447 spectant,
1304 3390 1372 3429 curn

196 3503 259 3541 non
293 3483 435 3551 fabulam,
471 3482 571 3556 quade
604 3481 709 3558 agitur,
736 3481 917 3540 Ouidianam
950 3481 1119 3556 respiciant,
1156 3480 1209 3537 sed
1244 3498 1279 3537 ex
1311 3478 1370 3536 alio

196 3591 481 3665 metamorphoseon
505 3591 574 3646 loco
599 3591 731 3648 admixta
756 3590 822 3647 sint.

306 3698 398 3755 Haud
422 3717 507 3755 secus
539 3717 584 3755 res
618 3699 764 3763 sehabet
799 3697 828 3754 in
863 3698 962 3773 capite
995 3700 1045 3772 58,
1071 3697 1152 3771 quod
1181 3696 1219 3753 de
1244 3697 1371 3771 Smyrna

199 3893 514 3902 mm...

308 4013 328 4083 ¹)
348 4017 396 4066 Ov.
418 4035 442 4065 v.
467 4026 525 4080 523,
547 4026 598 4078 524

195 4108 271 4156 dira
299 4108 374 4155 lues
402 4108 447 4155 ira
473 4105 774 4169 populisJunonis
793 4104 932 4168 iniquae
951 4104 1092 4172 incidit,
1115 4119 1236 4152 exosae
1256 4101 1370 4151 dictas

195 4215 210 4245 a
230 4197 364 4260 paelice
384 4206 504 4245 terras.
544 4197 627 4258 Ilyg.:
659 4195 795 4258 Iupiter
825 4210 895 4242 cum
925 4194 1089 4256 Aeginam
1117 4193 1228 4256 Asopi
1257 4193 1369 4240 filiam

195 4287 303 4335 vellet
322 4286 538 4349 comprimere
558 4293 590 4333 et
609 4286 783 4333 Iunonem
803 4291 996 4350 vereretur¹
1027 4283 1155 4332 detulit
1182 4299 1251 4331 eam
1270 4282 1300 4330 in
1320 4282 1369 4330 in·

195 4377 300 4424 sulam
320 4377 428 4424 Delon
452 4414 457 4424 .
480 4419 485 4430 ,
507 4419 512 4432 ,
532 4376 604 4423 Hoc
623 4375 706 4422 Iuno
725 4390 798 4423 cum
819 4373 982 4422 rescisset
1001 4380 1065 4422 etc.

304 4463 323 4528 ²)
344 4478 379 4525 cs.
399 4466 509 4530 Hauptii
529 4473 616 4514 notam
636 4464 668 4512 ad
688 4480 712 4512 v.
736 4475 796 4528 523.

303 4552 323 4624 8)
341 4557 399 4607 Eur.
420 4555 527 4621 Hippol.
548 4564 619 4621 455;
643 4556 740 4610 Anton.
761 4554 820 4604 Lib.
843 4566 894 4613 41;
917 4553 1008 4604 Preller
1026 4570 1063 4622 gr.
1085 4552 1164 4619 myth.
1186 4552 1210 4602 II
1233 4552 1290 4615 146.
