3136 5354
547 421 746 475 ...3-

62 600 155 656 Haud
179 599 219 656 ita
242 599 364 655 multum
382 598 502 656 interest
519 599 696 656 Dositheum
722 600 865 656 nonnulla
889 600 926 655 ab
946 599 1069 674 Hygino
1094 598 1192 656 aliena
1208 593 1228 675 ¹)

62 707 272 763 admiscuisse:
300 705 477 762 offendimus
502 716 581 762 certe
605 706 635 761 in
660 723 705 775 e0,
732 707 814 780 quod
839 706 967 764 eundem
991 706 1108 774 librum,
1132 706 1230 780 quiin

62 814 170 870 codice
195 813 376 886 Frisingensi
401 812 667 889 (F)inscribebatur
681 813 869 886 fabulae,
893 812 1107 892 γενεαλογίαν
1130 813 1230 888 appel·

63 922 112 989 lat,
148 921 320 992 concinens
346 930 377 976 ut
410 921 547 988 diximus
580 939 646 976 cum
680 922 880 978 astronomiae
915 935 1045 980 auctore.
1094 923 1131 978 Et
1163 939 1231 977 cum

63 1028 195 1085 diversas
219 1027 382 1085 fabularum
408 1028 596 1085 recensiones
621 1028 680 1084 iam
697 1028 767 1086 inde
783 1029 944 1104 antiquitus
961 1028 1106 1086 exstitisse
1141 1028 1230 1086 etiam

64 1137 230 1208 fragmento
275 1154 371 1192 rerum
409 1136 620 1192 Thebanorum
657 1155 674 1192 a
711 1137 875 1194 Niebuhrio
916 1137 1037 1193 invento
1051 1129 1077 1218 ²)
1112 1154 1227 1193 moneo·

63 1261 139 1309 mur,
176 1242 321 1298 dubitatio
357 1242 477 1310 exsistit,
514 1261 585 1299 num
620 1243 685 1317 ipsa
720 1243 865 1312 recensio
891 1261 981 1316 <luam
1006 1242 1168 1299 Dositheus
1201 1243 1232 1298 in

63 1369 148 1407 usum
183 1369 267 1405 suum
299 1349 394 1415 vertit,
421 1368 457 1406 ea
491 1348 586 1418 fuerit,
620 1369 708 1423 quam
743 1351 839 1408 codex
863 1353 894 1407 F.
928 1350 1063 1408 servavit.
1113 1352 1232 1425 Operae

64 1458 153 1530 igitur
176 1456 302 1530 pretium
327 1456 449 1524 videtur,
476 1457 506 1513 id
531 1458 613 1531 quod
638 1458 737 1514 adhuc
760 1477 778 1514 a
802 1458 869 1515 viris
895 1457 991 1515 doctis
1016 1457 1159 1514 omissum
1177 1466 1230 1526 est,

64 1566 233 1639 fragmenta
255 1563 441 1620 Dositheana
465 1583 532 1620 cum
557 1564 713 1639 capitibus
740 1583 817 1639 quae
841 1565 876 1621 iis
901 1565 1092 1639 respondent,
1116 1584 1232 1622 accura-

65 1672 123 1730 tius
157 1690 339 1745 comparare.
388 1673 422 1726 In
459 1672 559 1728 fabula
599 1692 654 1742 141
674 1665 700 1753 ³)
732 1674 900 1741 nonnulla,
935 1690 1011 1746 quae
1044 1672 1232 1743 dissentiunt,

65 1778 273 1852 neglegentiae
297 1789 346 1835 aut
370 1779 506 1835 Dosithci
531 1790 580 1836 aut
603 1779 715 1836 librarii
740 1780 905 1837 fabularum
922 1780 1059 1838 videntur
1074 1779 1233 1837 tribuenda

65 1904 140 1954 esse,
167 1885 225 1942 alia
250 1896 346 1942 autem
372 1896 438 1942 sunt
462 1886 604 1960 gravioris
630 1887 791 1944 momenti:

289 2083 406 2139 Dosith.
840 2153 844 2158 Ι
886 2084 954 2143 cod.
981 2087 1013 2141 F.

112 2189 292 2275 συμβουλίᾳ
316 2191 409 2251 θεῶν
723 2193 831 2249 Crrerr's
853 2193 1002 2249 voluntat.

112 2299 148 2356 cf.
165 2297 253 2355 Ovid.
270 2308 339 2354 met.
353 2299 391 2364 V,
398 2313 458 2371 559
475 2297 630 2370 surilrsqrrr

65 2409 129 2463 utos
153 2406 298 2462 trahimus.

288 2511 407 2570 Dosith.

111 2618 414 2705 μετεμορφώθησαν
449 2622 492 2692 ῡίς
528 2615 626 2703 ὄρνεα
718 2622 850 2678 tolutim(
872 2629 939 2677 siml
951 2621 1058 2694 frictae.

66 2727 212 2810 κεφαλάς
234 2726 338 2808 μόνον
361 2724 501 2808 ἔχουσαι.

113 2838 150 2894 cs.
177 2836 266 2894 Orid.
291 2844 359 2892 met.
386 2837 423 2902 V,
441 2851 512 2909 552.

257 2944 342 3010 uodo,
366 2942 535 3008 Acheloides,
559 2941 632 2997 aude

61 3053 165 3127 plnum
190 3051 326 3125 purisque
358 3051 465 3117 aruum,
491 3067 550 3105 rum
575 3050 630 3104 Ῥίν-

62 3161 141 3232 gruis
165 3178 217 3214 ora
236 3159 343 3230 geratis
350 3155 365 3214 r*

117 3269 155 3341 56
160 3285 188 3338 3.
214 3267 335 3337 ro'rgr'uer'
355 3265 448 3321 uultur
471 3270 497 3320 et
510 3282 566 3320 uox
581 3263 630 3319 lm-

68 3393 157 3430 mrum
181 3374 324 3429 trutanni.

177 3588 355 3646 Uberiorem
380 3586 516 3644 Dosithei
540 3586 739 3643 narrationem
773 3604 838 3643 esse
871 3585 1031 3660 genuinam
1065 3584 1124 3642 alio
1155 3584 1233 3640 fabu-

69 3698 163 3754 larum
189 3698 256 3752 loco
289 3696 439 3764 docemur,
466 3694 516 3768 qui
550 3713 610 3750 non
634 3713 701 3750 cum
726 3692 913 3750 brevioribus
938 3691 1052 3748 codicis
1077 3694 1109 3749 F.
1128 3691 1235 3759 verbis
1300 3736 1303 3746 .

69 3805 123 3861 sed
158 3822 225 3860 cum
259 3802 394 3860 Dosithei
429 3801 603 3860 recensione
638 3800 794 3858 convenit:
830 3819 855 3858 c.
895 3815 951 3874 125
988 3793 1077 3862 (108.
1115 3799 1166 3877 10)
1200 3798 1241 3854 ad

70 3913 198 3978 Sirenas,
222 3931 295 3985 quac
310 3918 423 3984 partem
446 3912 614 3984 srqterrorem
631 3909 788 3965 muliebrem
805 3907 951 3976 habebunt,
969 3906 1128 3980 informem
1145 3913 1236 3961 autem

65 4021 263 4092 gallinarum.
293 4053 329 4059 —
356 4019 450 4075 Multo
475 4018 572 4075 minus
595 4017 689 4074 hacce
712 4015 787 4072 inter
811 4033 843 4072 se
867 4013 1021 4072 conciliari
1045 4023 1183 4088 possunt:

180 4373 202 4440 1)
220 4376 314 4422 Robert
334 4373 461 4421 Eratosth.
483 4379 569 4424 catast.
589 4387 613 4435 p.
638 4382 681 4432 17:
705 4370 801 4418 Teuffel
820 4369 878 4423 hist.
897 4369 945 4418 titt.
968 4367 985 4434 ξ
1006 4369 1065 4419 262.
1088 4377 1110 4431 5.

180 4481 201 4548 2)
221 4483 334 4531 Schmidt
353 4482 430 4543 praef.
450 4498 475 4543 p,
495 4480 580 4528 XLIX
601 4495 652 4543 sq.;
676 4479 772 4527 Teuffel
792 4478 809 4532 l,
828 4478 846 4526 l.
868 4495 894 4525 n.
918 4487 931 4539 5
953 4488 977 4524 et
997 4475 1025 4531 8,

179 4591 199 4658 ³>
218 4593 248 4646 cf,
270 4593 382 4639 Foerster
401 4592 462 4638 raub
481 4589 525 4638 der
544 4589 661 4651 Perseph.
684 4604 709 4649 p.
731 4587 764 4635 68
784 4602 810 4634 u.
832 4598 864 4644 43
889 4601 913 4647 p.
937 4585 970 4645 69
990 4601 1016 4631 n.
1042 4597 1063 4674 r*

1031 4669 1058 4703 Γ.
