3136 5354
541 381 739 440 ,5-

54 569 124 632 post
148 559 284 617 Dosithei
307 569 434 618 aetatem
458 560 636 636 interpolata
660 581 733 619 esse.
782 564 819 619 Et
843 563 978 620 redolent
1012 565 1103 622 verba
1136 564 1223 624 inter·
1281 557 1285 565 ’

55 667 199 739 polatoris
224 668 385 742 ingenium,
411 668 583 743 praesertim
607 688 674 726 cum
699 670 763 744 ipsa
788 690 909 744 quoque
925 692 960 728 ex
980 673 1222 731 antecedentium

55 774 197 850 analogia
220 775 344 850 repetita
368 775 440 832 sint:

307 936 326 992 l.
356 956 403 994 21.
890 940 908 998 1.
937 960 984 997 20.

101 1045 171 1101 Item
199 1064 301 1100 aarum
333 1052 417 1118 srqter
447 1050 530 1117 capul
558 1045 616 1100 eiras
707 1046 775 1101 Item
793 1054 881 1119 pontu
905 1049 932 1102 ri
951 1055 1036 1121 super
1057 1055 1140 1122 capul
1155 1058 1222 1123 pen-

54 1153 152 1224 argens
178 1152 287 1225 prrrdrt,
311 1151 388 1224 quod
415 1159 521 1224 serrqtrr
542 1152 619 1206 lirrret
661 1153 731 1209 eleut.

55 1279 90 1315 ne
112 1268 196 1333 strper
217 1278 244 1315 sc
267 1266 342 1315 rrrot.

164 1419 304 1493 Denique
339 1419 427 1476 etiam
462 1419 491 1475 in
523 1419 634 1488 fabula,
661 1439 737 1493 quae
773 1420 810 1476 rle
834 1421 952 1494 Philyra
984 1432 1036 1490 est,
1063 1424 1223 1482 Dositheus

55 1527 246 1602 integriorem
271 1536 382 1583 textum
406 1526 521 1583 videtur
545 1525 732 1583 adhibuisse:

277 1686 393 1744 Dosith.
784 1689 851 1745 cod.
878 1690 909 1746 F.
936 1689 994 1747 fab.
1025 1694 1093 1764 138.

105 1793 229 1880 Φιλύρα
254 1793 289 1856 δὲ
314 1798 528 1876 αἰσχυνομένη
561 1789 616 1856 diri
709 1795 828 1870 Philam
869 1804 1019 1871 postquam
1058 1800 1223 1856 inusitatam

55 1899 118 1985 τήν
135 1899 328 1987 οἷθνώρητον
344 1905 401 1965 τοῦ
416 1909 528 1964 τέκνου
543 1925 615 1984 μορ·
661 1903 770 1976 spectem
793 1923 821 1959 rc
838 1905 976 1977 peperisse
999 1905 1077 1973 rr'dit,
1095 1908 1168 1979 petit
1189 1908 1225 1963 ab

55 2009 121 2092 (νῆν
146 2013 238 2072 droit*
261 2007 343 2070 ἕλε-ἐι
368 2012 412 2083 «εἰς
444 2001 616 2090 ὁμώνυμον
655 2009 736 2084 surr,
770 2016 802 2065 ut
831 2030 859 2066 se
891 2013 920 2066 ἰν
953 2011 1081 2084 alpiam
1112 2015 1223 2086 speciem

56 2116 192 2201 δένδρον
216 2115 347 2199 ἠλλάγη.
662 2124 848 2211 corrrrrruturet,
873 2137 946 2191 ptrue
968 2120 998 2173 ἰν
1021 2119 1149 2175 arborem
1159 2122 1223 2194 plri-

662 2225 754 2298 lyrum
785 2214 845 2282 ΙινίΙ
862 2232 903 2282 cst
934 2225 1024 2282 tiliam
1057 2234 1224 2284 corrrrrrrrtutu

663 2339 709 2388 est.

164 2493 266 2550 Verba
289 2491 402 2549 codicis
427 2494 459 2548 F.
478 2493 604 2548 molesta
628 2491 758 2565 quadam
779 2493 961 2565 loquacitate
978 2494 1126 2561 laborant,
1145 2513 1223 2569 quae

56 2599 249 2658 Dositheanis
273 2600 365 2658 deest.
414 2600 489 2656 Cum
515 2599 660 2656 Dositheo
685 2609 846 2673 praeterea,
865 2601 916 2673 qui
941 2605 1033 2664 droia
1057 2598 1139 2664 ἐλέει
1158 2603 1222 2659 Phi-

55 2710 149 2782 lyram
175 2709 413 2764 transformatam
439 2726 503 2764 esse
528 2706 608 2774 dicit,
625 2707 708 2763 locus
733 2707 933 2765 astronomiae
950 2710 979 2765 ll
1002 2713 1038 2766 18
1057 2710 1222 2767 consentit:

55 2837 129 2890 ptrue
152 2817 265 2872 deorum
288 2816 428 2872 volontate
451 2817 481 2871 ἰν
504 2835 604 2888 epirum
620 2833 759 2873 certaverat.
799 2816 992 2889 Quamquam
1008 2818 1101 2874 verba
1118 2817 1224 2874 scholii

56 2923 220 2981 Strorziani
244 2923 273 2979 in
300 2922 470 2980 Germanici
496 2924 615 2992 Aratea,
643 2941 703 2996 quo
735 2923 836 2980 fabula
861 2923 1034 2997 Hyginiana
1067 2924 1226 2982 adhibetur

55 3027 115 3109 (VI
141 3051 169 3105 p.
201 3034 277 3103 1783
304 3031 417 3087 Robert
441 3032 520 3087 Erat.
548 3040 605 3087 cat.
631 3049 659 3104 p.
689 3023 773 3103 215),
798 3030 936 3087 breviora
971 3041 1047 3100 sunt,
1073 3049 1163 3105 quam
1194 3042 1225 3089 ut

56 3139 129 3196 certi
155 3139 314 3212 (pricquam
340 3138 377 3196 de
400 3137 529 3213 genuina
555 3135 766 3194 enuntiationis
791 3137 888 3194 forma
911 3147 1038 3195 statuere
1063 3138 1221 3212 possimus.

165 3246 210 3300 Ex
233 3244 277 3311 iis,
304 3264 381 3318 quae
404 3244 502 3301 adhuc
525 3243 675 3318 disputata
698 3253 774 3313 sunt,
792 3256 915 3319 apparet
939 3244 969 3300 in
986 3244 1088 3319 paucis
1106 3245 1222 3314 fabulis,

56 3371 135 3428 qtme
160 3351 283 3408 omnino
307 3351 474 3426 comparari
498 3361 630 3426 possunt,
656 3350 771 3425 aliquot
794 3369 859 3408 esse
883 3353 1066 3426 corruptelas
1092 3362 1120 3410 et
1137 3352 1223 3410 inter-

56 3460 237 3534 polationes
263 3459 370 3534 quibus
395 3468 489 3516 textus
514 3468 614 3515 noster
641 3458 766 3527 laborat,
792 3458 952 3516 Dositheus
987 3470 1075 3516 caret.
1125 3459 1223 3517 Proxi-

57 3587 139 3624 mum
164 3577 216 3633 est,
242 3577 272 3623 ut
295 3566 486 3641 inquiramus,
512 3584 582 3623 num
616 3584 660 3634 ea,
693 3584 752 3640 qua
785 3566 902 3624 libellus
927 3565 1050 3624 traditus
1075 3577 1127 3635 est,
1154 3586 1223 3623 con-

58 3674 139 3732 dicio
164 3673 237 3730 alias
274 3693 360 3730 ansas
385 3673 537 3748 praebeat,
563 3673 669 3748 quibus
702 3673 815 3730 fabulas
848 3692 909 3730 non
942 3674 1080 3749 integras
1105 3675 1159 3732 sed
1183 3693 1223 3732 re·

58 3791 198 3838 tractatas
223 3791 335 3838 exstare
360 3799 586 3854 cognoscamus.
634 3782 857 3855 Peropportune
883 3781 1002 3849 accidit,
1028 3781 1109 3855 quod
1145 3801 1223 3838 com·

59 3890 157 3963 plures
183 3898 336 3963 praeterea
359 3898 448 3945 testes
474 3888 587 3962 antiqui
605 3887 711 3946 servati
727 3898 803 3955 sunt,
823 3887 1000 3961 quibuscum
1018 3889 1223 3945 recensionem

59 4006 189 4053 nostram
215 3995 412 4063 conferamus,
437 3995 633 4069 fragmentum
658 3994 894 4052 Niebuhriannm
920 4006 948 4051 et
983 3995 1079 4052 codex
1104 3994 1224 4051 Strozzi‘

61 4123 144 4172 anus,
178 4121 303 4177 quorum
337 4103 419 4171 illud,
453 4103 499 4160 vel
533 4102 615 4175 quod
646 4102 764 4159 saeculo
788 4103 816 4159 V
839 4103 885 4160 vel
909 4104 952 4159 VI
984 4112 1136 4159 exaratum
1170 4111 1223 4170 est,

60 4211 202 4286 gravioris
227 4210 370 4268 momenti
402 4220 455 4268 est.
503 4211 564 4266 Res
588 4209 738 4284 Polynicis
771 4209 800 4265 in
833 4209 939 4268 codice
963 4207 1145 4282 Frisingensi
1178 4207 1224 4264 bis

61 4318 166 4374 iisdem
191 4317 250 4374 fere
274 4317 371 4374 verbis
405 4326 588 4384 enarrantur,
613 4315 761 4390 capitibus
788 4319 828 4373 68
854 4326 882 4374 et
908 4333 944 4388 71
962 4316 992 4372 b.
1042 4316 1130 4388 Quae
1155 4332 1223 4370 cum

61 4425 101 4487 ita
125 4426 192 4493 sint,
210 4443 271 4481 non
296 4423 425 4480 alienum
449 4422 564 4480 videtur
588 4441 738 4498 quaerere,
755 4441 827 4480 num
851 4422 974 4478 omnino
998 4421 1060 4478 fieri
1085 4419 1223 4495 potuerit,

61 4541 92 4589 ut
115 4542 218 4588 auctor
242 4531 309 4588 libri
335 4531 461 4589 eandem
485 4548 546 4587 rem
575 4529 621 4590 bis
653 4529 759 4592 iisdem
789 4529 886 4589 verbis
920 4527 1088 4607 explicaret.
1138 4527 1224 4590 Certe
