3136 5354
675 390 894 460 ..33-

199 597 397 654 transeamus
421 583 524 659 paucis
548 601 597 640 eas
622 583 737 640 fabulas
762 583 867 642 intueri
891 603 965 659 opus
989 583 1052 653 erit,
1078 602 1153 658 quae
1170 584 1243 642 alios
1258 596 1362 659 poetas

199 694 328 752 Latinos
352 703 401 750 aut
425 690 585 766 respiciunt
608 700 657 747 aut
680 690 816 748 videntur
851 691 1006 766 respicere.
1054 690 1238 749 Ribbeckius
1272 691 1361 762 enim,

200 821 271 860 cum
295 799 517 875 tragoediarum
541 797 714 856 Latinamm
739 809 913 874 argumenta
936 799 1089 857 restituere
1113 798 1201 857 docte
1224 818 1259 857 ac
1282 819 1363 875 saga·

200 909 276 968 citer
300 917 465 974 conaretur,
490 904 708 962 Valckenaerio
731 887 892 981 praeeunte
915 906 1059 964 nonnulla
1081 906 1179 982 capita
1191 906 1364 982 Hyginiana

201 1037 238 1076 ex
263 1016 322 1073 illis
354 1012 516 1088 tragoediis
552 1023 690 1086 excerpta
726 1030 789 1070 esse
824 1013 945 1071 censuit.
994 1014 1036 1072 Ut
1070 1012 1201 1071 fabulam
1230 1030 1286 1087 107
1325 1015 1363 1072 ad

199 1127 363 1183 Armorum
401 1119 544 1178 iudicium
582 1119 763 1192 Accianum,
805 1121 936 1178 fabulam
979 1140 1036 1178 102
1077 1121 1116 1179 ad
1154 1121 1362 1191 Philoctetam,

200 1232 337 1291 fabulam
366 1247 424 1301 174
460 1228 499 1286 ad
533 1227 716 1301 Meleagrum
751 1227 883 1285 eiusdem
918 1238 1035 1302 poetae,
1072 1228 1203 1286 fabulam
1231 1248 1290 1286 100
1325 1228 1363 1286 ad

201 1339 420 1398 Teuthrantem
454 1334 520 1391 lulii
545 1334 681 1392 Caesaris
712 1335 871 1405 ¹Strabonis
896 1326 933 1417 (l)
956 1334 1052 1393 redire
1087 1335 1236 1394 iudicavit.
1254 1331 1280 1419 ¹)
1323 1339 1364 1395 At

202 1466 240 1505 ex
275 1465 321 1516 e0,
358 1443 440 1519 quod
477 1452 584 1517 poetae
620 1461 655 1498 ac
691 1442 922 1518 mythographus
960 1442 1070 1501 similes
1108 1443 1272 1500 fabularum
1308 1444 1363 1501 lor·

202 1572 267 1612 mas
307 1553 477 1628 proferunt,
518 1551 597 1607 hunc
636 1549 715 1624 ipsas
761 1550 931 1624 tragoedias
970 1549 1000 1606 in
1040 1568 1123 1608 usum
1162 1568 1266 1608 suuum
1304 1569 1364 1609 ver·

202 1661 273 1720 tisse
296 1658 437 1718 concludi
460 1676 522 1714 non
556 1666 662 1732 potest.
710 1657 815 1731 Neque
850 1655 930 1715 enim
966 1666 1110 1727 auctores
1147 1675 1222 1731 quos
1257 1668 1363 1732 poetae

202 1768 307 1845 tragici
332 1767 541 1840 sequebantur,
567 1763 654 1822 nobis
679 1762 719 1821 ita
742 1763 805 1821 noti
829 1774 905 1833 sunt,
930 1774 961 1822 ut
985 1782 1030 1834 ea,
1064 1782 1140 1839 quae
1166 1764 1242 1823 inter
1274 1774 1363 1823 utros·

202 1895 262 1953 que
287 1873 459 1941 concinunt,
487 1871 676 1929 ceommuni
700 1872 782 1928 fonte
817 1870 935 1929 fluxisse
970 1871 1119 1947 denegare
1152 1872 1249 1931 liceat.
1297 1872 1364 1930 Cer-

201 1995 234 2042 ta
256 1992 357 2040 autem
382 1988 558 2054 argumenta
593 1979 708 2047 desunt,
734 1995 811 2052 quae
835 1978 979 2036 rationem
1015 1979 1115 2049 talem,
1151 1979 1270 2053 qualem
1292 1980 1363 2037 Rib-

200 2089 328 2149 beckius
353 2086 462 2156 statuit,
498 2087 634 2161 probent.
650 2079 672 2163 2)
718 2084 877 2160 Inscriptio
912 2085 1017 2160 capitis
1043 2089 1060 2143 8
1084 2086 1195 2144 Eadem
1229 2084 1280 2165 (sc.
1304 2089 1364 2144 An·

199 2192 297 2280 tiopa)
335 2195 494 2271 Euripidis,
529 2215 615 2268 quam
650 2194 745 2250 scribit
765 2193 879 2250 Ennius
913 2194 944 2250 in
979 2193 1110 2252 medium
1144 2194 1269 2268 proferri
1302 2213 1363 2252 non

200 2315 310 2382 potest,
336 2303 510 2378 praesertim
533 2320 600 2358 cum
625 2320 706 2358 error
740 2300 900 2376 scriptoris,
927 2301 977 2375 qui
1001 2301 1131 2359 Ennium
1156 2321 1210 2376 pro
1234 2301 1363 2359 Pacuvio

200 2411 348 2479 nominat,
374 2409 557 2483 tragoediam
592 2427 653 2466 non
689 2408 854 2482 inspectam
884 2426 949 2466 esse
983 2409 1099 2466 doceat.
1146 2409 1245 2478 Adde,
1282 2409 1364 2483 quod

201 2520 267 2595 ipse
303 2517 347 2574 vir
382 2517 486 2574 doctus
521 2517 541 2574 l.
566 2517 584 2573 l.
614 2535 642 2590 p.
672 2519 729 2572 281
769 2515 908 2573 concedit
942 2526 1144 2590 argumentum
1181 2516 1293 2592 Hygini
1328 2537 1364 2575 ex

198 2626 308 2685 eodem
325 2625 408 2682 fonte
424 2632 571 2697 sumptum
589 2641 654 2681 esse
671 2633 760 2698 atque
772 2621 917 2680 scholium
931 2623 1071 2697 Apollon.
1086 2622 1185 2681 Rhod.
1204 2625 1256 2694 IV,
1271 2643 1362 2700 1090.

200 2731 418 2792 Gravissimum
442 2749 512 2789 vero
536 2731 698 2788 sententiae
732 2731 943 2788 documentum
967 2730 1137 2788 Ribbeckio
1174 2731 1262 2789 fuisse
1285 2732 1363 2791 vide·

199 2852 255 2910 tur,
281 2840 365 2914 quod
388 2839 597 2896 nonnullarum
626 2838 801 2904 fabularum,
827 2857 900 2912 quas
924 2837 1028 2912 tragici
1050 2846 1255 2908 tractaverant,
1281 2858 1364 2915 argu·

200 2956 301 3005 menta
324 2945 381 3002 nisi
405 2944 484 3019 apud
508 2945 661 3019 Hyginum
685 2964 746 3002 non
770 2945 957 3002 inveniuntur
980 2962 1076 3019 eaque
1100 2963 1118 3002 a
1147 2946 1363 3022 mythographo

198 3055 314 3130 tragico
347 3053 480 3128 quodam
516 3053 617 3110 colore
652 3063 802 3110 ornantur.
852 3052 938 3125 Quae
973 3051 1047 3109 ratio
1083 3052 1164 3110 cadit
1187 3053 1217 3109 in
1241 3054 1363 3112 Medum

200 3173 229 3222 et
252 3163 283 3219 in
307 3163 436 3220 Ilionam
459 3159 587 3217 Pacuvii.
638 3160 697 3217 Sed
721 3160 804 3218 Medi
827 3160 959 3218 fabulam
984 3159 1014 3216 in
1046 3159 1226 3234 compendio
1251 3162 1362 3235 mytho·

200 3270 311 3346 logica,
337 3287 396 3344 quo
421 3267 557 3342 Hyginus
592 3268 689 3336 utitur,
725 3268 814 3325 luisse
837 3267 989 3324 Diodorus
1014 3268 1157 3341 1V5o.1
1187 3258 1237 3349 (cs.
1265 3284 1314 3344 55.
1334 3267 1362 3347 5)

202 3387 231 3435 et
264 3376 469 3452 Apollodorus
493 3376 551 3448 19.
573 3377 610 3432 28
647 3384 807 3437 testantur:
822 3369 845 3458 3)
880 3384 969 3448 atque
1004 3373 1119 3431 etiamsi
1153 3392 1196 3443 ea,
1233 3393 1310 3449 quae
1332 3376 1363 3433 hi

201 3485 367 3560 proferunt,
393 3499 454 3539 non
477 3493 538 3538 tam
561 3483 661 3557 ampla
684 3493 751 3540 sunt
775 3500 864 3557 quam
889 3481 1070 3557 Hyginiana,
1095 3490 1195 3539 tamen
1212 3481 1363 3540 Diodorus

201 3592 313 3650 diserte
348 3588 421 3647 dicit
457 3606 488 3645 se
522 3588 721 3646 narrationem
756 3588 928 3662 compendii
965 3587 995 3643 in
1030 3587 1148 3645 brevius
1183 3589 1363 3647 contraxisse

202 3700 245 3756 IV
266 3699 315 3773 56.
341 3715 375 3754 1:
401 3692 558 3758 Καθόλου
583 3693 619 3758 δὲ
643 3692 697 3758 δια
723 3690 870 3778 τὴντῶν
892 3692 1068 3780 τραγῳδῶν
1103 3704 1273 3780 τερατείαν
1296 3718 1363 3758 ποι·

203 3805 274 3887 κίλη
298 3827 346 3877 τις
370 3810 425 3865 καὶ
451 3799 604 3887 διάφορος
627 3804 751 3888 ἱστορία
782 3809 855 3888 περὶ
880 3799 1030 3885 Μηδείας
1062 3795 1268 3883 ἐξενήνεκται
1291 3801 1362 3878 rial,

203 3913 248 3970 IV
266 3913 315 3986 56.
337 3929 350 3966 2
377 3905 462 3971 ἄλλα
487 3903 549 3993 γαρ
573 3902 608 3970 τό
635 3906 746 3983 παίσας
770 3904 830 3983 τοὶς
854 3902 1035 3989 ἀποφάσεις
1050 3911 1117 3972 τοῖν
1132 3912 1276 3994 περὶτῆς
1293 3914 1360 3993 Μη·

205 4018 298 4093 ὅείας
330 4014 626 4098 μυθολογησάντων
660 4014 865 4103 οἷναγροῖφειν
895 4014 952 4080 οὐκ
988 4014 1171 4094 α’ναγκαῑον
1202 4007 1272 4099 ἅμα
1308 4023 1364 4079 καὶ

203 4119 332 4211 μακρὸν
355 4122 441 4187 εἶναι
464 4133 624 4209 κρίνοντες
647 4121 687 4186 τοὶ
712 4117 980 4205 καταλειπόμενα
1004 4127 1061 4207 τῆς
1084 4131 1159 4206 περὶ
1182 4118 1248 4188 τῶν
1263 4122 1362 4210 Ἀργο-

314 4404 332 4475 ¹)
351 4408 426 4455 Rom.
447 4405 545 4470 tragod.
562 4421 587 4468 p.
609 4417 658 4470 371
680 4423 705 4455 n.
730 4420 775 4466 12;
799 4421 824 4470 p.
847 4415 913 4469 377;
937 4424 963 4471 p.
986 4417 1037 4471 510
1062 4422 1088 4471 p.
1110 4406 1160 4469 615
1181 4403 1259 4471 (311).

313 4493 335 4562 ²)
354 4497 387 4544 cs.
408 4496 575 4544 Wilamowitz
594 4497 683 4559 Isyllos
701 4513 751 4545 von
770 4496 909 4559 Epidauros
927 4514 954 4561 p.
974 4510 1018 4558 49.

313 4582 333 4653 Β)
353 4586 466 4635 Ribbeck
485 4586 501 4637 l.
521 4585 539 4634 l.
560 4601 586 4650 p.
609 4596 675 4650 3255
698 4585 777 4636 Bethe
795 4593 891 4651 quaest.
911 4586 991 4637 Drod.
1012 4601 1038 4650 p.
1059 4599 1094 4637 20
1112 4602 1132 4635 s.

1154 4667 1169 4727 3
