3136 5354
675 366 895 427 ...26...

201 562 283 640 quod
299 583 361 622 non
374 563 523 634 miramur,
541 582 609 622 cum
626 563 656 622 in
674 563 840 623 occidentis
856 563 1028 641 regionibus
1045 565 1178 626 carmina
1193 563 1367 626 Latinorum

201 672 257 730 soli
280 673 341 731 fere
365 672 562 748 posteriorum
595 674 691 730 fontes
725 673 920 748 mythologici
951 674 1069 744 fuerint,
1100 675 1212 750 quippe
1244 694 1367 750 quorum

201 789 297 838 aetate
329 780 455 838 scientia
488 781 649 839 litterarum
674 781 858 839 Graecarum
882 781 1026 856 paulatim
1060 793 1261 840 evanesceret.
1311 784 1367 842 Sed

200 887 390 958 recentiores
409 906 475 945 cum
500 889 637 963 exempla
653 887 801 946 eiusmodi
817 898 896 946 recte
920 909 937 946 a
961 890 1126 947 fabularum
1144 899 1265 948 auctore
1290 891 1367 947 abiu·

200 995 343 1065 dicarent,
364 995 487 1053 omnino
512 996 760 1071 mythographum
784 1006 889 1071 poetas
903 996 1006 1072 populi
1031 998 1076 1054 sui
1093 998 1257 1072 respexisse
1282 1017 1367 1074 nega-

199 1112 312 1160 verunt.
361 1103 474 1161 Primus
506 1104 584 1160 hanc
608 1102 685 1160 viam
711 1103 993 1161 Schneiderus
1008 1098 1031 1180 ¹)
1056 1102 1204 1180 ingressus
1229 1116 1290 1174 est,
1310 1104 1366 1180 qui,

201 1229 267 1267 cum
292 1209 392 1286 capita
419 1227 454 1284 27
461 1227 588 1284 3--277
626 1229 642 1268 e
677 1210 855 1269 Callimachi
886 1210 970 1268 aetiis
1003 1211 1121 1270 fluxisse
1153 1222 1298 1281 censeret,
1324 1231 1365 1281 ea,

200 1335 278 1391 quae
302 1317 439 1391 opinioni
462 1318 555 1394 ipsius
589 1319 708 1376 obstare
739 1318 926 1387 videbantur,
962 1337 978 1376 e
1007 1327 1088 1376 textu
1120 1319 1216 1377 eiecit.
1265 1321 1367 1393 Itaque

199 1442 267 1482 cum
291 1425 468 1483 multatum
493 1435 624 1484 extrema
647 1425 753 1500 capitis
781 1442 816 1499 ²7
823 1445 839 1500 3
866 1426 966 1496 verba,
992 1445 1069 1502 quae
1101 1427 1140 1484 ad
1163 1426 1289 1502 Vergilii
1314 1429 1367 1484 Ae·

200 1531 307 1590 neidos
331 1531 439 1589 librum
463 1535 491 1588 V
524 1533 658 1606 redeunt,
692 1533 792 1608 spuria
823 1551 888 1591 esse
922 1534 1081 1592 arbitratus
1113 1543 1165 1604 est,
1198 1533 1281 1608 quod
1310 1552 1367 1591 non

199 1638 356 1714 probabile
380 1650 457 1697 esset
491 1640 645 1715 Hyginum
679 1640 939 1698 bibliothecarium
963 1642 1089 1717 Augusti
1121 1642 1214 1699 verba
1245 1640 1367 1715 Vergilii

198 1747 259 1804 fere
277 1747 413 1804 servilem
437 1747 467 1803 in
491 1747 615 1805 modum
633 1748 663 1804 in
681 1765 765 1805 usum
782 1766 866 1805 suum
884 1749 1015 1807 vertisse.
1063 1747 1238 1806 Schneideri
1254 1759 1367 1806 senten·

199 1852 271 1911 tiam
301 1852 325 1910 si
358 1855 486 1912 refutare
519 1855 635 1923 vellem,
671 1865 739 1912 acta
772 1873 900 1930 agerem.
949 1856 1026 1913 Satis
1059 1865 1103 1914 est
1134 1873 1368 1913 commemorare

198 1961 295 2036 ipsum
312 1961 406 2019 virum
425 1962 547 2019 doctum
565 1963 749 2020 concessisse
764 1956 790 2044 ²)
815 1973 1030 2038 argumentum,
1046 1962 1127 2037 quod
1145 1963 1183 2020 de
1199 1961 1368 2019 narratione

198 2069 251 2126 illa
267 2087 283 2126 e
307 2068 441 2144 Vergilio
459 2070 566 2126 hausta
589 2071 761 2148 protulerat,
779 2070 887 2127 nullius
912 2088 977 2127 esse
994 2070 1147 2127 momenti.
1194 2070 1264 2126 Alia
1281 2087 1368 2126 causa

200 2176 465 2234 Schmidtius
490 2177 582 2250 praef.
608 2195 637 2250 p.
662 2178 750 2233 XXX
774 2195 796 2234 s.
822 2194 890 2234 usus
925 2186 978 2248 est,
1004 2186 1035 2233 ut
1058 2177 1193 2251 plurima,
1220 2193 1299 2250 quae
1333 2176 1369 2233 ad

198 2282 323 2358 Vergilii
339 2293 368 2342 et
384 2283 485 2342 Ovidii
503 2283 636 2340 carmina
649 2283 783 2351 redeunt,
798 2283 978 2358 interpolata
995 2302 1059 2342 esse
1073 2284 1223 2359 probaret.
1253 2283 1369 2357 Mytho-

200 2390 345 2465 graphum
370 2390 459 2459 enim,
485 2409 552 2447 cum
576 2399 670 2448 totum
701 2409 736 2448 ex
761 2391 885 2448 Graecis
916 2391 1053 2466 pendere
1078 2402 1157 2449 recte
1182 2391 1370 2464 intellegeret

199 2496 323 2555 omnino
339 2498 448 2555 Latina
465 2498 661 2557 admiscuisse
677 2498 737 2556 veri
755 2498 898 2556 dissimile
916 2517 980 2556 esse
996 2499 1129 2557 censuit}
1154 2499 1237 2556 cuius
1255 2508 1371 2557 senten-

198 2596 270 2661 tiam
315 2606 366 2663 alii
403 2605 497 2664 secuti
539 2616 626 2676 sunt,
666 2606 745 2663 velut
786 2606 993 2663 Robertus
1035 2604 1361 2663 Wilamowitzius

199 2712 375 2771 Bethius.
392 2706 415 2797 ³)
463 2713 522 2771 Sed
555 2732 601 2771 res
624 2731 642 2772 a
665 2712 766 2788 priori,
791 2723 821 2769 ut
852 2712 943 2777 aiunt.
969 2712 1126 2772 diiudicari
1156 2731 1216 2769 non
1251 2722 1369 2786 potest:

200 2839 253 2877 cur
279 2821 402 2896 Hygino
427 2820 546 2879 licuisse
580 2820 767 2896 negabimus,
781 2816 806 2896 ⁴)
840 2820 974 2894 quamvis
999 2822 1133 2878 Graecos
1165 2829 1294 2877 sectatus
1324 2821 1368 2889 sit,

199 2928 229 2985 in
253 2929 330 2986 libro
354 2930 525 2986 scholarum
549 2927 613 2985 usui
637 2927 785 2986 destinato
810 2945 856 2985 res
885 2945 920 2985 ex
944 2928 979 2984 iis
1013 2926 1105 2996 libris,
1131 2927 1182 3002 qui
1206 2928 1234 2984 in
1260 2928 1369 2986 scholis

307 3245 328 3315 ¹)
347 3247 423 3311 proll.
444 3247 471 3295 in
490 3247 555 3296 Call.
579 3248 673 3297 αἰτίων
692 3246 758 3312 srgg.
779 3263 804 3312 p.
827 3247 842 3296 6
862 3267 897 3292 =
917 3245 1066 3298 Callimach.
1088 3247 1111 3294 II
1125 3264 1148 3309 p.
1171 3256 1219 3309 50,
1243 3246 1276 3295 ci.
1293 3246 1368 3295 Bern-

198 3339 277 3403 hardy
295 3339 354 3388 hist.
376 3337 423 3391 litt.
444 3337 520 3386 Rom.
542 3354 568 3400 p.
591 3338 651 3398 267,

307 3443 326 3507 ²]
350 3446 501 3495 Callimach.
522 3447 547 3494 II
566 3463 592 3510 p.
616 3455 648 3508 52
668 3462 694 3494 n.

305 3553 327 3622 8)
346 3554 573 3604 RobertEratosth.
588 3561 636 3604 cat.
651 3571 677 3618 p.
699 3565 727 3617 15
743 3571 768 3602 n.
785 3567 827 3606 22.
850 3569 875 3616 p.
893 3567 958 3616 233;
978 3553 1066 3601 Herm.
1082 3551 1177 3620 XVIII,
1192 3569 1217 3615 p.
1231 3553 1283 3616 436
1295 3570 1321 3601 n.
1338 3566 1364 3609 1;

199 3647 253 3695 bild
271 3646 323 3694 und
341 3646 393 3694 lied
411 3662 437 3709 p.
463 3655 525 3708 195:
548 3661 574 3694 es
604 3645 742 3693 veranlasst
771 3643 836 3692 mich
867 3643 907 3690 die
936 3642 1063 3691 vielchcht
1092 3659 1136 3690 nur
1164 3643 1369 3708 subjektive

199 3737 384 3800 iiberzeugung,
409 3735 467 3784 dass
486 3736 511 3783 in
532 3736 590 3783 dem
608 3734 813 3797 urspriinglichen
836 3733 911 3780 Werk
931 3733 977 3780 des
997 3733 1083 3796 llygin
1110 3731 1153 3779 aui
1179 3732 1219 3780 die
1246 3731 1369 3780 romische

197 3825 318 3873 litteratur
330 3825 470 3888 iiberhaupt
489 3825 501 3874 s
505 3842 519 3873 a
529 3834 557 3873 st
576 3825 652 3874 keine
666 3824 797 3872 riicksicht
811 3839 963 3888 genommen
979 3823 1057 3870 ward.
1098 3822 1266 3870 Wiiamowitz
1280 3822 1369 3885 lsyllos

199 3932 249 3964 von
268 3914 406 3978 Epidauros
426 3914 503 3979 (phil.
525 3923 616 3963 unters.
638 3913 686 3980 IX)
712 3930 738 3977 p.
760 3927 809 3975 49:
832 3914 893 3962 alles
912 3913 1034 3960 romische
1065 3912 1097 3961 ist
1125 3912 1303 3975 interpolation
1334 3912 1368 3960 im

198 4005 305 4068 Hygin:
337 4020 387 4053 wer
406 4005 451 4053 das
471 4005 542 4052 nicht
561 4006 642 4063 weiss,
666 4005 709 4052 hat
728 4004 770 4051 ihn
791 4003 899 4052 niemals
929 4002 974 4049 mit
1002 4002 1114 4050 bedacht
1141 4002 1251 4066 gelesen.
1291 4002 1368 4051 Bethe

199 4102 295 4160 quaest.
333 4095 412 4143 Diod.
434 4111 459 4158 p.
482 4095 525 4157 98.

307 4201 328 4270 ⁴)
349 4203 382 4253 cs.
404 4203 548 4252 Bursian
577 4201 725 4250 Fleckeisen
754 4218 813 4250 ann.
844 4201 907 4265 phil.
938 4200 1031 4264 XCIII,
1052 4216 1077 4263 p.
1101 4200 1163 4262 782:
1196 4200 1245 4248 den
1274 4201 1368 4249 schluss

198 4294 259 4360 (von
278 4295 297 4344 f.
324 4293 386 4360 273)
406 4294 443 4342 als
462 4307 544 4342 zusatz
563 4293 632 4342 eines
656 4292 831 4355 interpolators
850 4308 879 4339 zu
907 4289 1052 4338 betrachten
1082 4290 1138 4338 sind
1168 4290 1211 4337 wir
1239 4290 1307 4339 nicht
1326 4293 1367 4338 be-

201 4384 315 4448 rechtigt,
339 4384 373 4432 da
392 4383 432 4431 die
452 4382 621 4431 ausfiihrIIche
641 4381 798 4444 schilderung
836 4380 880 4430 der
898 4398 947 4430 von
962 4381 1062 4428 Aeneas
1080 4379 1272 4429 veranstalteten
1291 4379 1367 4443 spiele

199 4473 265 4520 nach
286 4473 409 4538 Vergilius
428 4472 454 4520 in
474 4472 542 4521 einer
557 4489 607 4521 von
627 4471 721 4535 aniang
741 4488 774 4519 au
795 4488 850 4520 zum
870 4470 996 4535 gebraucb
1009 4469 1076 4519 beim
1089 4469 1223 4519 unterricht
1235 4470 1368 4519 romischer

198 4564 301 4619 knabeu
320 4564 483 4618 bestimmten
503 4562 647 4626 sammlung
664 4577 729 4626 ganz
750 4577 791 4612 am
810 4560 892 4626 platze
910 4560 951 4610 ist.
