3136 5354
825 375 1043 414 ..22-

351 565 434 631 parte
447 557 524 613 lecta
537 554 625 629 eique
642 554 845 629 epitomatoris
864 555 953 630 culpa
969 555 1100 613 detracta
1117 573 1182 614 esse
1200 555 1356 618 existimat.
1405 559 1511 618 Recen-

351 663 467 721 sionem
490 672 622 720 nostram
646 662 725 721 haud
749 661 790 720 ita
814 682 832 720 a
855 663 979 738 pristina
1002 663 1130 721 alienam
1155 683 1219 722 esse
1243 675 1326 740 put0,
1351 675 1384 723 ut
1407 666 1510 736 omnia,

351 790 426 846 quae
450 771 481 827 in
506 770 612 828 sabulis
637 781 777 845 corrupta
795 781 843 828 ant
867 771 1002 828 mutilata
1026 790 1091 829 esse
1108 772 1289 831 Schmidtius
1314 793 1342 848 p.
1364 775 1476 831 XXXII
1491 794 1510 833 s.

352 897 387 936 ex
411 878 561 937 indicibus
585 878 747 947 concludit,
766 879 940 937 concedam.
989 880 1059 949 Sed,
1077 880 1363 955 quomodocumque
1385 900 1431 939 res
1455 900 1512 940 sese

351 987 449 1057 habet,
477 986 592 1060 aliquot
624 995 703 1043 certe
735 985 810 1044 locis
842 986 956 1044 indices
988 986 1027 1044 ad
1059 1006 1103 1056 ea,
1129 1006 1205 1061 quae
1237 1006 1318 1044 nunc
1348 987 1380 1044 in
1411 988 1512 1046 sabulis

351 1103 490 1169 corrupta
509 1103 632 1162 exstant,
650 1093 746 1151 redire
763 1104 840 1152 recte
857 1093 936 1151 idem
953 1093 996 1151 vir
1012 1094 1116 1153 doctus
1134 1095 1216 1153 vidit.
1248 1096 1319 1153 Hoc
1332 1095 1513 1171 potissimum

352 1201 493 1277 quoniam
525 1220 576 1259 eos
611 1201 786 1259 recensione
826 1211 928 1259 nostra
959 1202 1141 1276 antiquiores
1183 1221 1248 1261 esse
1289 1203 1512 1273 demonstratur,

350 1308 485 1367 Bursiani
499 1308 675 1366 sententiam
689 1308 807 1366 refutari
817 1309 1005 1384 perspicuum
1019 1319 1071 1367 est.
1095 1311 1190 1368 Recte
1203 1309 1323 1385 quidem
1337 1311 1513 1370 Schmidtius

349 1419 368 1476 l.
393 1418 412 1474 l.
439 1436 467 1492 p.
492 1417 625 1473 XXXIII
649 1426 751 1473 monet
769 1417 931 1486 oraculum,
951 1416 1032 1490 qnod
1057 1417 1200 1491 incapite
1228 1437 1264 1474 22
1284 1428 1337 1485 est,
1362 1418 1394 1474 in
1411 1419 1514 1477 fabulis
1551 1422 1554 1431 ⁴

351 1543 403 1583 suo
428 1533 534 1583 eventu
560 1542 670 1593 carere,
703 1543 763 1580 non
787 1524 817 1580 in
842 1523 942 1583 indice
964 1524 1069 1599 capitis
1095 1541 1155 1600 254
1179 1521 1339 1606 (14012).
1387 1526 1515 1584 Nomina

352 1635 473 1691 fratrum
496 1632 652 1700 Althaeae,
678 1650 755 1706 quae
779 1632 809 1689 in
833 1631 939 1689 fabulis
969 1650 1025 1705 173
1053 1643 1081 1690 et
1108 1649 1167 1705 174
1193 1632 1354 1691 cx'Ovidii
1384 1634 1515 1691 versibus

348 1758 485 1815 perverse
517 1738 673 1796 intellectis
705 1749 844 1815 corrupta
878 1750 954 1809 sunt,
986 1739 1024 1797 ah
1059 1749 1181 1798 auctore
1212 1739 1318 1814 capitis
1353 1760 1414 1811 244
1439 1752 1516 1799 recte

350 1859 464 1906 servata
487 1866 552 1905 esse
576 1848 712 1905 vidimus.
760 1848 849 1904 Initio
882 1847 987 1923 capitis
1025 1851 1083 1923 180
1114 1847 1230 1905 Procris
1260 1847 1425 1906 Pandionis
1458 1848 1515 1906 filia

348 1955 535 2014 nominatur:
561 1955 640 2014 idem
665 1973 746 2013 error
768 1956 799 2012 in
824 1967 912 2037 capnt
940 1975 997 2026 241
1025 1952 1170 2032 (13417)
1194 1955 1319 2030 irrepsit.
1335 1950 1362 2038 ¹)
1416 1957 1516 2014 Verba

351 2063 521 2138 supplendo
534 2063 686 2119 Erechthei
692 2063 848 2120 llrordionis
852 2063 915 2137 filii
916 2063 996 2137 filia,
1010 2063 1092 2136 quod
1105 2063 1227 2120 Buatius
1240 2063 1342 2132 voluit,
1357 2064 1516 2121 emendare

348 2170 500 2240 nonlicet,
521 2170 573 2227 sed
590 2187 670 2227 11101
687 2168 758 2237 11111,
774 2168 824 2242 qui
841 2170 976 2225 Procnen
993 2186 1060 2225 cum
1073 2168 1213 2226 Procride
1230 2169 1374 2240 confudit,
1389 2180 1516 2228 statuen-

349 2278 403 2335 dus
428 2287 480 2336 est.
528 2279 567 2334 At
590 2286 702 2334 rectum
726 2275 815 2351 patris
839 2293 950 2333 nomen
974 2276 1080 2350 legitur
1103 2277 1131 2333 in
1172 2277 1269 2351 capite
1297 2293 1356 2352 253
1383 2274 1515 2361 (1405).

455 2404 500 2459 Ex
523 2401 692 2460 elocutione
723 2401 855 2460 indicum
887 2401 1046 2476 quicquam
1080 2402 1151 2459 certi
1175 2402 1355 2461 concludere
1378 2403 1428 2460 vix
1451 2423 1517 2479 pos-

348 2529 457 2579 sumus,
476 2529 543 2567 cum
560 2509 644 2566 arida
667 2519 695 2566 et
712 2509 807 2567 tenuis
825 2508 861 2566 sit
886 2528 921 2566 ac
937 2510 1111 2584 plerumque
1133 2529 1148 2566 e
1165 2509 1331 2567 fabularum
1347 2511 1517 2570 narratione

348 2629 494 2693 excerpta.
543 2617 651 2676 Verbis
668 2617 775 2675 indicis
804 2634 864 2693 250
881 2621 910 2674 in
933 2619 1075 2692 quadriga
1098 2619 1191 2675 sedem
1206 2617 1407 2693 integriorem,
1427 2637 1517 2695 quam

348 2745 402 2783 nos
426 2726 581 2793 habemus
606 2735 716 2782 textum
747 2726 871 2783 fabulae>
900 2728 937 2782 61
974 2725 1118 2800 postulari
1151 2744 1240 2800 supra
1270 2726 1438 2801 expositum
1463 2737 1515 2785 est.

347 2833 438 2890 Aliud
463 2834 631 2909 exemplum
664 2853 725 2891 non
759 2833 823 2891 sine
857 2833 956 2909 aliqua
987 2834 1172 2892 dubitatione
1197 2833 1314 2910 adicio3
1338 2834 1369 2890 in
1393 2853 1419 2893 c.
1455 2853 1514 2906 242

348 2933 469 3022 (1351)
494 2941 618 3016 legitur:
644 2943 797 2998 Macareus
828 2942 911 2998 Aeoli
928 2942 1014 3017 filins
1037 2949 1155 3016 propter
1181 2941 1310 2998 Canacen
1337 2960 1460 2999 sororem
1490 2944 1523 3000 id

347 3056 388 3104 111
407 3057 537 3123 sponsam
561 3050 659 3124 411111
681 3050 823 3124 interfecit.
871 3051 906 3106 In
930 3049 1028 3107 verbis
1045 3050 1079 3106 ia'
1097 3057 1137 3106 111
1150 3048 1204 3106 viri
1228 3049 1311 3107 docti
1328 3050 1518 3108 offenderunt

347 3174 445 3230 neque
469 3157 658 3214 contulerunt
690 3177 715 3214 c.
746 3160 804 3229 178
839 3148 955 3238 (35.1):
982 3177 1017 3213 aa
1041 3158 1140 3232 aaibas
1163 3159 1285 3231 qra'nqne
1307 3157 1517 3232 superfuerant,

347 3265 380 3321 id
398 3271 437 3321 111
464 3265 626 3333 Chthonius,
657 3266 767 3323 (diaeta
789 3271 833 3322 111.
1209 3251 1212 3257 ’

454 3389 519 3448 Ν11
543 3389 639 3447 minus
664 3390 780 3448 tertiam
805 3390 872 3448 libri
896 3400 1021 3465 partem,
1047 3400 1136 3466 caput
1160 3390 1398 3466 genealogicum,
1433 3393 1517 3466 qnod

347 3497 464 3555 fabulas
481 3497 633 3555 antecedit
649 3494 698 3572 (cf.
724 3497 824 3573 capita
852 3495 1042 3576 155-163),
1068 3497 1193 3573 genuini
1217 3497 1306 3556 fuisse
1331 3497 1429 3572 operis
1454 3501 1517 3574 Hy-

346 3604 460 3680 giniani
494 3604 697 3663 indicaverim.
747 3606 941 3679 Quamquam
975 3605 1191 3680 Tschiassnyus
1215 3625 1243 3681 p.
1281 3608 1346 3662 6s.
1385 3618 1516 3680 caputa

346 3713 454 3771 sabulis
479 3713 694 3771 secernendum
720 3724 748 3772 et
772 3714 811 3771 ad
835 3713 916 3770 illum
941 3713 1142 3772 astronomiae
1164 3714 1274 3782 locum,
1312 3731 1372 3788 quo
1407 3733 1516 3788 genea-

346 3820 446 3896 logiae
474 3822 640 3890 laudantur,
666 3823 853 3881 referendum
878 3839 941 3879 esse
966 3832 1076 3880 censet.
1124 3823 1164 3879 At
1199 3821 1418 3896 neglegendum
1453 3841 1516 3879 non

351 3939 396 3985 est
420 3929 582 4000 nonnulla,
608 3948 686 4004 quae
713 3930 763 3987 hic
797 3932 947 4007 leguntur,
985 3948 1051 3986 cnm
1087 3929 1194 3986 fabulis
1229 3928 1335 3985 mirum
1371 3938 1515 4003 quantum

347 4034 536 4099 consentire:
568 4037 629 4094 nati
665 4056 701 4094 ex
725 4038 872 4113 Typhone
907 4046 936 4094 et
959 4037 1106 4106 Echidna,
1143 4036 1194 4110 qui
1218 4056 1246 4111 p.
1277 4056 1312 4092 12
1338 4037 1356 4093 1.
1387 4039 1510 4094 16-21

347 4153 563 4213 enumerantur,
600 4143 704 4201 iterum
739 4143 769 4200 in
805 4143 902 4219 capite
931 4160 987 4219 151
1015 4154 1182 4202 occurrunt.
1230 4143 1316 4202 Licet
1351 4144 1409 4200 hoc
1443 4143 1513 4202 inde
1548 4140 1552 4151 '

346 4339 664 4346 -.——-.-.—..—

454 4461 473 4532 1)
494 4462 611 4512 Similiter
639 4462 774 4529 Cephalus,
796 4462 837 4526 qui
858 4462 911 4510 aliis
931 4462 992 4510 locis
1017 4461 1122 4510 Deionis
1148 4460 1212 4511 filius
1249 4461 1401 4528 nominatur,
1423 4460 1447 4508 in
1469 4476 1508 4508 ca·

347 4555 397 4625 pite
417 4566 468 4616 270
489 4554 560 4619 (145.
586 4552 627 4623 16)
646 4553 783 4602 PandionIs
802 4552 865 4602 filius
884 4560 929 4602 est.
