3136 5354
658 374 876 431 ..4,..

154 581 157 615 :
217 556 297 627 vincat,
321 554 376 615 sibi
401 555 577 632 despondet,
602 557 655 615 sed
687 567 791 632 postea
824 553 973 616 destituit:
998 555 1077 632 apud
1102 565 1223 632 poetam
1240 553 1346 630 Scylla,

154 687 157 699 ²
215 675 237 723 ut
253 665 318 723 illius
334 664 458 739 gratiam
482 664 539 722 sibi
557 664 704 734 conciliet,
722 675 835 740 patrem
852 664 960 740 prodit.
1008 664 1121 722 Fabula
1138 658 1347 739 Hyginiana1)

154 794 158 827 ;
214 783 341 848 praeterea
362 781 462 829 narrat
485 772 613 846 Scyllam
637 790 668 829 se
691 771 722 828 in
745 789 826 829 mare
850 770 1070 846 praecipitasse,
1094 781 1125 829 nt
1148 782 1261 847 patrem
1284 787 1348 844 per·

154 898 159 932 :—
213 891 360 954 sequentem
384 880 506 954 fugeret
553 879 637 936 Alias
661 896 765 936 causas
790 877 914 937 Ovidius
939 887 967 936 et
999 878 1049 936 alii
1080 879 1212 936 afferunt.
1259 876 1348 935 Nisus

154 1004 158 1039 :
212 986 318 1061 denique
350 986 432 1044 crine
467 986 575 1044 amisso
611 989 690 1061 apud
720 995 842 1060 poetam
876 985 998 1043 moritur
1021 981 1057 1063 (v.
1084 988 1121 1060 85
1148 986 1231 1042 m'tali
1251 986 1347 1053 cremer),

211 1093 275 1168 apud
296 1095 541 1169 mythographum
566 1089 614 1171 (ef.
640 1093 716 1151 Ciris
745 1113 803 1150 120
829 1087 907 1176 sqq.)
932 1111 1024 1168 regno
1048 1092 1186 1168 privatur.
1203 1085 1226 1176 ²)

296 1201 599 1259 Transformationem
629 1201 840 1275 Nyctimenae,
877 1217 954 1275 quae
987 1199 1085 1275 capite
1112 1219 1172 1272 204
1204 1208 1346 1267 narratur,

210 1305 315 1366 Ovidius
347 1319 417 1367 met.
452 1311 490 1378 ll,
518 1310 685 1384 569-595
710 1307 887 1383 perstringit.
943 1307 1155 1383 Mythographi
1186 1307 1252 1365 fons
1286 1306 1348 1364 eius

208 1413 295 1473 similis
315 1416 431 1474 videtur
455 1416 553 1485 fuisse,
580 1434 668 1490 quem
693 1415 827 1473 adhibuit
851 1433 1016 1489 anonymus
1033 1415 1113 1490 apud
1129 1416 1346 1473 Westermann.

207 1523 332 1598 mythogr.
365 1543 394 1599 p.
430 1526 502 1596 348.
529 1538 561 1597 3:
596 1528 781 1605 Νυκτιμὲνη
812 1521 978 1603 Κλυμένου
1008 1515 1158 1607 θυγάτηρ
1189 1514 1347 1603 φεύγουσα

206 1621 253 1690 riv
273 1631 324 1694 τοῦ
347 1627 473 1715 πατρὸς
496 1625 598 1716 ἔρωτα
623 1633 694 1692 κατ’
719 1625 809 1693 ἔλεον
831 1626 979 1705 Ἀθηνᾶς
996 1631 1041 1702 εἰς
1056 1627 1183 1706 γλαῦκα
1200 1650 1347 1711 μετεμορ-

205 1728 297 1817 φώθη.
343 1738 402 1796 Sed
426 1737 471 1808 iis,
496 1755 574 1812 quae
597 1737 635 1795 de
659 1746 786 1794 noctuae
810 1746 916 1793 natura
938 1735 1107 1793 adduntur:
1132 1755 1204 1809 quae
1228 1736 1350 1810 paedoris

154 1868 159 1911 4
204 1856 277 1900 caasa
298 1848 326 1903 m
353 1846 437 1902 lucem
468 1864 523 1902 non
547 1845 653 1920 prodit,
684 1844 734 1901 sed
761 1851 839 1901 noctu
864 1850 947 1918 patet
976 1847 1076 1917 (paret
1096 1842 1170 1900 Iuda
1193 1835 1347 1925 Bonutius)

154 1914 158 2065 ἰ
203 1964 306 2010 versum
328 1953 511 2012 Ovidianum
537 1969 597 2027 594

297 2069 460 2136 emrspeetrem
482 2061 618 2134 lucemque
631 2060 715 2133 fugit
735 2059 902 2132 tenebrisque
919 2059 1056 2133 partiorem

296 2170 363 2226 celat

202 2268 359 2334 adumbrari
384 2273 564 2333 Schmidtius
596 2284 674 2331 recte
706 2273 857 2331 intellexit.
906 2272 1023 2330 Diserte
1056 2271 1186 2346 denique
1211 2270 1348 2346 Hyginus

201 2370 339 2458 incapite
364 2386 405 2441 80
429 2381 492 2459 (82.
519 2381 559 2459 4),
585 2399 652 2439 cum
676 2381 798 2438 verbum
821 2381 923 2437 dieitur
944 2378 1077 2438 similiter
1101 2389 1190 2453 atque
1221 2378 1281 2436 fab.
1309 2393 1346 2453 55

201 2471 247 2559 (Cf.
268 2510 294 2565 p.
319 2484 376 2573 36)
399 2490 492 2559 addit,
517 2507 549 2547 se
572 2499 676 2547 testem
699 2488 858 2546 locutionis
875 2488 1020 2563 poeticae,
1043 2505 1131 2562 quam
1147 2487 1239 2556 affert,
1258 2485 1346 2561 respi-

201 2605 259 2653 cere
280 2598 399 2656 indicat.
446 2597 565 2655 Verba:
591 2597 702 2671 ideoque
734 2597 835 2653 dieitur
863 2596 973 2653 aliems
1006 2602 1092 2652 menete
1123 2595 1285 2669 redemptus,
1310 2593 1348 2650 de

202 2695 311 2764 Castore
334 2706 424 2774 dicta,
450 2723 579 2779 quocum
603 2705 708 2762 Pollux
730 2704 817 2762 frater
840 2703 931 2761 vitam
955 2701 1197 2772 communicavit,
1223 2700 1348 2760 redeunt

202 2809 235 2867 ad
254 2815 324 2872 Aen.
350 2815 497 2883 VI,121:

292 2923 319 2978 si
330 2921 458 2995 fr‘atrem
481 2920 585 2976 Pollex
608 2919 717 2976 alterna
741 2925 826 2975 niorte
848 2919 968 2975 redemit.

292 3027 497 3086 Antecedente
540 3027 659 3084 fabulae
700 3037 783 3101 parte
815 3035 965 3083 narratum
1005 3034 1049 3082 est
1084 3024 1247 3086 Pollucem.
1281 3040 1349 3080 cum

200 3136 304 3194 stellam
328 3134 502 3209 accepisset,
528 3134 565 3192 ab
589 3136 659 3191 Iove
692 3133 875 3208 impetrasse,
899 3142 931 3190 ut
960 3133 1048 3190 frater
1079 3141 1209 3189 mortuus
1243 3148 1348 3188 munus

198 3257 287 3301 secum
311 3242 552 3300 communicaret.
602 3243 706 3316 Itaque
729 3240 836 3298 mirum
861 3250 913 3310 est,
932 3239 1014 3315 quod
1031 3239 1178 3316 Hyginus,
1197 3237 1221 3295 si
1237 3239 1351 3295 alterna

197 3361 280 3409 morte
304 3351 458 3409 Castorem
481 3349 666 3424 redemptum
690 3366 753 3406 esse
777 3348 936 3424 explanare
958 3347 1067 3416 voluit,
1086 3366 1147 3404 non
1170 3363 1350 3403 commemo-

196 3458 260 3517 ravit
283 3458 437 3516 Pollucem
461 3456 557 3532 ipsum
581 3456 611 3513 in
635 3456 730 3514 vicem
754 3456 793 3514 ad
817 3456 927 3514 inferos
946 3455 1138 3546 descendisse
1154 3464 1184 3512 et
1199 3454 1351 3510 concessisse

188 3565 278 3636 fratri
298 3566 444 3622 dimidiam
467 3567 554 3622 vitam
579 3562 697 3642 (astron.
724 3565 754 3620 ΙΙ
780 3563 854 3646 22)..
892 3565 1000 3621 Totam
1023 3562 1224 3622 narrationem
1253 3568 1349 3636 poste·

299 3828 320 3898 ¹)
342 3831 366 3879 Si
386 3829 567 3891 Tschiassnyus
586 3828 650 3876 stud.
670 3828 740 3892 Hyg.
760 3844 787 3890 p.
812 3840 842 3876 12
861 3845 888 3876 n.
910 3841 942 3889 29
961 3833 1095 3888 praeeunte
1113 3824 1256 3874 Roenschio
1276 3823 1351 3891 (Itala

195 3935 220 3982 p.
239 3919 300 3987 388)
320 3927 384 3969 recte
404 3919 509 3967 formam
535 3925 792 3981 persequeretur
817 3918 916 3981 passiva
928 3914 1112 3980 significatione
1135 3921 1276 3978 usurpatam
1297 3930 1350 3962 esse

196 4009 256 4059 dicit.
297 4011 411 4059 Ceterum
431 4009 554 4076 Hyginus,
576 4023 631 4056 curn
651 4007 719 4055 cirim
738 4007 833 4070 piscem
853 4007 972 4072 appellat,
993 4021 1045 4054 non
1071 4004 1146 4053 aliam
1175 4004 1274 4053 fabulae
1299 4004 1347 4052 sor-

196 4114 256 4149 mam
275 4101 352 4158 affert,
376 4099 420 4148 sed
439 4106 510 4148 errat.

296 4186 316 4254 ²)
335 4189 419 4238 Tertia
437 4188 538 4236 fabulae
558 4188 638 4236 forma
657 4193 735 4236 exstat
753 4186 780 4234 in
799 4185 880 4249 capite
897 4197 947 4244 242
962 4185 1035 4250 (135.
1057 4182 1097 4251 6):
1120 4183 1220 4232 Nisus
1240 4182 1351 4231 Martis

196 4277 288 4328 filius
313 4280 407 4327 crine
427 4278 529 4326 fatali
549 4277 674 4326 amisso
693 4277 768 4339 ipse
793 4292 826 4324 se
854 4274 1049 4331 interfecit;
1072 4272 1151 4321 forma
1171 4271 1297 4320 Ovidiana
1314 4279 1352 4320 est

197 4367 218 4416 in
237 4385 256 4420 c.
278 4378 328 4431 255
355 4368 428 4433 (141.
453 4366 511 4434 15):
542 4367 636 4430 Sylla
662 4367 735 4414 Nisi
764 4365 843 4414 filia
872 4372 999 4426 patrem
1027 4363 1165 4412 occidit.
1205 4360 1351 4424 Comparari

195 4467 292 4519 possunt
311 4458 425 4506 diversae
446 4474 474 4506 ac
493 4457 629 4506 contrariae
658 4456 765 4515 fabulae,
789 4471 853 4520 quae
883 4454 914 4504 de
942 4453 1055 4502 Canaces
1074 4459 1152 4502 morte
1178 4451 1203 4499 in
1227 4450 1351 4500 indicibus

196 4549 343 4612 proferuntur
362 4545 485 4616 (Schmidt
502 4547 580 4612 praef.
601 4563 627 4610 p.
648 4545 766 4613 XXXII).
