3136 5354
822 400 1041 462 -52-

352 582 545 656 proferuntur.
593 581 692 639 Primo
728 582 833 639 obtutu
868 592 991 657 apparet
1025 582 1182 656 hypothesi
1214 584 1357 655 Graecae,
1395 585 1518 659 qualem

352 689 555 764 Apollodorus
580 708 608 764 3.
626 708 690 762 4.3
717 689 847 764 praebet,
874 689 972 746 aliena
997 708 1060 747 esse
1085 691 1225 750 admixta.

567 849 710 923 Apollod.
1181 853 1261 926 Hyg.

397 963 452 1019 καὶ
465 953 577 1031 λαβών
592 951 695 1020 αὐτόν
707 950 821 1041 Ἑρμῆς
833 954 914 1042 προς
1003 977 1028 1014 c.
1059 975 1127 1031 179.
1152 950 1219 1035 (35.
1240 956 1307 1034 22):
1332 979 1413 1033 quem
1440 961 1517 1016 Mer-

355 1057 495 1143 Νύμφας
512 1056 661 1143 ἐκόμισεν
676 1060 711 1124 ἓν
728 1061 838 1157 Νύσσῃ
855 1068 911 1147 τῆς
956 1067 1049 1120 carias
1073 1065 1108 1121 aa
1131 1067 1192 1138 egee
1219 1073 1339 1140 ereptma
1363 1066 1446 1141 Nysa
1475 1068 1516 1123 de·

353 1165 460 1245 Ἀσίας
483 1164 702 1240 κατοικούσας,
955 1172 998 1227 dit
1017 1172 1197 1229 edtaamtam.
1223 1191 1247 1230 c.
1278 1176 1335 1229 182
1353 1165 1423 1252 (35.
1448 1170 1515 1256 18):

956 1278 1009 1334 leae
1033 1281 1062 1335 ιἰι
1087 1287 1174 1336 mmde
1189 1279 1271 1353 Nysa
1296 1300 1408 1337 ettamre
1424 1281 1516 1337 alam·

956 1387 988 1441 αι’
1002 1387 1109 1459 petitae
1124 1393 1197 1455 suat,
1214 1388 1266 1461 qai
1279 1387 1410 1444 Medeam
1435 1407 1515 1460 rega·

955 1499 1050 1561 aetat,
1089 1501 1115 1549 et
1156 1493 1276 1567 deposita
1313 1501 1445 1550 senectute
1488 1497 1517 1551 ιἰι

956 1601 1066 1655 iauems
1102 1607 1225 1657 nudatae
1247 1608 1314 1656 smet
1334 1608 1516 1658 consecratae·

409 1699 424 1723 ι.
464 1699 482 1723 «ι

398 1724 439 1774 ας
463 1720 592 1788 οσιερον
615 1697 698 1780 ΙΖεύς
730 1713 915 1790 κατασιερί-
960 1725 1012 1780 qne
1039 1713 1136 1780 pastea
1171 1709 1244 1763 e'atee
1275 1708 1368 1764 sidera
1399 1708 1519 1782 Hyades

355 1829 413 1886 σας
437 1804 606 1893 ὠνόμασεν
631 1810 761 1886 Ὑάδας.
957 1813 1142 1887 amputarem.

461 1973 584 2042 Eadem,
610 1991 686 2046 quae
703 1973 839 2048 Hyginus
863 1973 1019 2048 hypothesi
1043 1973 1136 2043 addit,
1166 1973 1291 2032 Ovidius
1318 1985 1419 2033 narrat
1447 1986 1516 2034 met.

355 2081 420 2149 VII,
448 2083 636 2155 294-296:
1108 2150 1110 2154 Ι

461 2187 572 2243 uiderat
592 2207 627 2243 ex
650 2188 706 2244 alta
729 2189 804 2243 trrate'
825 2188 962 2244 tttt‘raada
986 2189 1103 2244 menslei

349 2340 357 2387 3
461 2294 546 2351 Liber
566 2302 593 2350 et
613 2295 769 2352 admma'tns
792 2296 901 2351 maestes
923 2296 1073 2352 metm'a'lms
1096 2315 1185 2353 ιιιιιιοι

455 2411 535 2477 pesse
557 2404 615 2458 sm's
638 2402 717 2458 reddi
737 2403 811 2476 capit
832 2403 882 2459 dee
903 2423 921 2459 a
949 2403 1073 2460 Calela'de
1096 2422 1205 2460 ιιιιιιιιιι,

464 2508 609 2581 Quaestio
640 2509 760 2582 exsistit,
797 2519 893 2566 utrum
929 2509 1163 2567 additamentum
1188 2511 1301 2585 Hygini
1331 2530 1347 2568 e
1382 2511 1518 2569 versibus

358 2615 514 2674 Ovidianis
538 2636 575 2673 an
600 2635 635 2674 ex
660 2617 766 2674 eodem
801 2617 883 2674 fonte
918 2617 1035 2675 fluxisse
1071 2636 1253 2691 censeamus,
1289 2636 1348 2692 quo
1373 2617 1517 2676 Ovidium

357 2742 441 2781 usum
465 2742 530 2782 esse
553 2724 701 2782 Robertus
719 2720 745 2806 ¹)
775 2723 965 2798 sagacissime
1002 2725 1112 2794 docuit,
1139 2744 1175 2782 ex
1208 2724 1364 2799 hypothesi
1388 2726 1519 2783 Medeae

356 2830 554 2906 Euripideae:
580 2829 737 2911 Αἰσχύλος
763 2825 789 2889 δ’
815 2827 850 2894 e'v
874 2836 948 2904 ταῖς
972 2829 1130 2895 Διονύσου
1164 2845 1288 2917 τροφοῖς
1311 2834 1440 2910 ἱστορεῖ,
1468 2824 1519 2894 ὅτι

356 2945 411 3000 καὶ
435 2930 493 3012 τας
518 2932 675 3002 Διονύσου
697 2934 835 3024 τροφούς
857 2934 940 3020 μετα
959 2938 1023 3000 τῶν
1039 2937 1172 3020 dedanim
1188 2928 1298 3002 adrev
1314 2936 1518 3022 ἄνιψήσασα

358 3042 548 3129 ἕνεοιῐοίησε.
587 3046 720 3116 Ovidius,
747 3065 813 3103 cum
838 3046 912 3104 haec
936 3045 966 3103 in
990 3064 1074 3103 nsum
1098 3065 1181 3103 suunt
1205 3046 1299 3116 vertit,
1317 3046 1358 3103 ita
1378 3046 1518 3115 discedit,

358 3164 389 3210 ut
410 3153 537 3212 nutrices
561 3172 659 3228 neque
682 3153 760 3211 viros
776 3153 916 3211 habuisse
934 3171 1031 3227 neque
1047 3164 1180 3211 recoctas
1198 3172 1262 3211 esse
1286 3150 1519 3242 (ἄνεψήσασα)

360 3270 580 3319 commemoret.
627 3263 731 3335 Itaque
755 3261 826 3335 quia
850 3260 987 3335 Hyginus
1011 3261 1133 3318 easdem
1159 3280 1203 3318 res
1236 3260 1351 3330 omittit,
1388 3261 1452 3318 veri
1476 3271 1521 3318 est

359 3368 539 3425 simillimum
563 3387 630 3426 eum
653 3369 852 3426 narrationem
877 3387 894 3426 a
917 3377 1015 3443 poeta,
1033 3386 1094 3425 non
1119 3368 1156 3425 ab
1181 3368 1379 3442 hypotheseos
1396 3377 1520 3426 auctore

359 3475 519 3550 accepisse.
566 3475 692 3533 Accedit
716 3475 891 3534 elocutionis
916 3493 1078 3533 consensus
1102 3475 1177 3532 inter
1201 3475 1410 3549 mythographi
1425 3477 1521 3533 verba

359 3602 509 3640 aeaaere
532 3584 641 3640 altatmi
654 3585 760 3657 potatae
781 3591 854 3653 smet,
879 3586 930 3658 ma
949 3583 1078 3639 Medeam
1101 3589 1253 3656 regaverat
1272 3590 1301 3640 et
1323 3591 1431 3657 poetae

464 3692 538 3765 capit
558 3692 608 3746 leae
628 3710 647 3747 a
675 3691 798 3748 Celelade
820 3711 904 3748 ιιιιιιι
913 3711 931 3747 ιι
939 3710 960 3748 s.

465 3799 603 3860 Ceterum
626 3799 833 3874 mythographi
856 3817 944 3871 error,
970 3797 1020 3872 qui
1043 3797 1096 3854 has
1120 3797 1247 3855 nutrices
1282 3796 1403 3854 easdem
1428 3807 1522 3872 atque

360 3906 505 3981 nymphas
531 3905 655 3980 Hyadas
679 3925 744 3964 esse
767 3906 848 3976 dicit,
875 3925 910 3963 ex
935 3905 1035 3964 Ovidii
1059 3904 1228 3963 narratione
1251 3903 1282 3961 in
1305 3903 1424 3961 brevius
1449 3924 1521 3962 con-

360 4023 453 4070 tracta
475 4023 555 4070 ortus
579 4022 631 4072 est.
679 4008 863 4088 Hypothesis
887 4012 965 4071 enim
990 4014 1108 4070 Graeca
1138 4011 1267 4070 docebat
1300 4011 1365 4068 illas
1388 4012 1522 4071 nutrices

296 4130 300 4140 '
360 4120 505 4195 nymphas
530 4138 593 4178 esse
617 4138 679 4176 non
702 4139 798 4195 posse,
824 4121 935 4196 qnippe
959 4139 1035 4195 qnae
1059 4119 1179 4177 maritos
1202 4118 1345 4177 haberent
1369 4137 1405 4175 ac
1421 4138 1522 4178 senes-

361 4236 469 4288 cerent.
486 4221 509 4304 2)
556 4226 681 4285 Ovidius
704 4238 802 4286 antem
826 4239 964 4302 utrasque
987 4247 1048 4285 non
1073 4227 1216 4297 confudit,
1242 4227 1295 4285 sed
1318 4225 1356 4283 de
1379 4228 1522 4304 nymphis

360 4385 675 4396 ‚...-—---r..-—.

468 4473 489 4541 ²)
506 4473 560 4523 bild
577 4491 602 4523 u.
622 4465 673 4524 lied
692 4491 718 4539 p.
740 4487 788 4537 231
811 4491 837 4522 n.
861 4483 882 4538 5.

467 4559 541 4632 ²)'ct.
560 4563 697 4631 Hauptium
715 4563 749 4615 ad
767 4571 827 4623 met.
848 4563 907 4632 vn,
925 4575 986 4633 294.
