3136 5354
829 363 1047 425 ..28...

353 569 472 637 poetam
497 561 573 622 libro
591 561 901 622 ‘transformationum’
923 563 1097 639 Hyginiauo
1114 580 1198 622 usum
1215 579 1279 622 esse
1296 571 1422 639 putaret.
1459 560 1502 622 Sed

353 669 428 727 haec
459 671 614 740 sententia,
641 672 754 729 etiamsi
783 683 886 729 auctor
916 672 1009 730 libelli
1041 672 1077 729 sit
1100 672 1237 747 Hyginus
1260 674 1439 747 Augusteus,
1470 672 1506 728 rel

353 796 389 836 eo
404 772 427 854 ¹)
444 779 593 847 refutatur,
608 781 690 854 quod
702 779 853 837 nonnullis
870 781 899 837 in
916 780 1033 849 fabulis,
1053 791 1083 837 ut
1100 780 1237 849 diximus,
1256 780 1373 837 flosculi
1391 799 1408 839 e
1424 779 1513 855 poetis

357 885 479 944 delibati
504 886 701 945 inveniuntur.
749 888 856 962 Neque
876 887 954 945 enim
979 887 1065 945 facile
1090 897 1198 963 poetae
1222 906 1412 963 aprosarum
1431 887 1520 961 serip-

355 993 476 1061 toribus,
495 995 549 1053 sed
564 996 594 1052 hi
613 995 651 1053 ab
668 995 725 1052 illis
738 995 851 1052 lumina
868 996 1009 1054 orationis
1027 1005 1205 1053 mutuantur.
1253 998 1359 1072 ltaque
1377 996 1528 1071 quoniam

353 1101 458 1176 Langii
482 1104 629 1161 sententia
652 1104 770 1172 corruit,
804 1103 942 1178 primum,
967 1103 992 1160 si
1017 1103 1216 1161 narrationem
1255 1104 1331 1161 inter
1364 1117 1530 1180 utrumque

353 1209 512 1268 concinere
521 1229 620 1286 neque
633 1212 772 1269 flosculos
782 1211 943 1269 elocutioni
954 1211 1090 1286 poeticae
1104 1210 1221 1269 debitos
1233 1212 1378 1270 accedere
1388 1211 1529 1270 animad-

351 1316 533 1388 verterimuS,
559 1319 759 1394 quaerendum
784 1320 847 1386 erit,
873 1338 943 1375 num
969 1328 1090 1393 uterque
1114 1320 1243 1377 eundem
1267 1319 1373 1378 adierit
1397 1321 1520 1378 fontem.

355 1425 469 1499 Hygini
492 1426 571 1483 euim
596 1438 624 1485 et
648 1427 774 1484 Diodori
809 1437 837 1484 et
860 1426 1038 1500 Apollodori
1063 1434 1251 1484 communem
1268 1446 1334 1485 esse
1358 1437 1515 1494 auctorem,

352 1532 404 1606 qui
428 1551 472 1590 res
497 1534 715 1608 mythologicas
733 1534 864 1602 tradidit,
890 1552 978 1608 supra
1003 1533 1179 1590 monuimus.
1228 1536 1273 1590 Ac
1296 1534 1425 1610 primum
1449 1551 1510 1592 casu

352 1659 388 1696 ac
405 1640 525 1698 fortuito
539 1641 683 1700 accidisse
697 1652 803 1717 potest,
818 1651 848 1699 ut
862 1641 986 1699 Ovidius
1000 1650 1028 1698 et
1042 1651 1145 1698 auctor
1157 1641 1357 1716 hypotheseos
1372 1643 1508 1710 Graecae,

352 1765 441 1821 quam
468 1749 604 1824 Hyginus
628 1750 806 1819 transcribit,
844 1751 970 1808 eandem
1007 1750 1125 1806 fabulae
1156 1750 1281 1806 formam
1315 1762 1507 1824 sequerentur.

351 1855 469 1914 Deinde
493 1874 563 1914 vero
587 1856 743 1931 probabile
769 1867 812 1914 est
836 1857 933 1932 ipsum
950 1866 1070 1932 poetam
1089 1856 1168 1914 idem
1193 1856 1416 1930 compendium,
1438 1857 1510 1932 quod
1537 1894 1540 1902 ·

350 1963 444 2038 magis
468 1973 517 2020 aut
533 1964 629 2021 miuus
645 1965 837 2039 compilatum
854 1963 1062 2040 mythographi
1080 1964 1167 2020 nobis
1185 1964 1291 2021 servati
1309 1965 1512 2034 adhibuerunt,

350 2069 380 2126 in
405 2087 489 2128 usum
505 2089 589 2129 suum
614 2073 744 2141 vertisse,
763 2091 830 2129 cum
855 2072 1137 2146 metamorphoseon
1153 2070 1246 2128 libros
1267 2072 1479 2130 conscriberet.
1494 2067 1514 2148 ἵ)

351 2176 442 2234 Cuius
466 2177 507 2236 rei
532 2179 682 2255 egregium
700 2179 853 2255 quoddam
878 2179 1045 2254 exemplum
1070 2179 1238 2235 aRoberto
1254 2172 1280 2259 ³)
1304 2179 1453 2253 sagaciter
1477 2181 1516 2237 in·

351 2285 492 2360 dagatum
517 2295 579 2344 est:
603 2287 756 2361 praeclare
773 2287 921 2345 Parthenii
946 2287 1064 2344 libellus
1088 2287 1252 2360 comparari
1276 2296 1381 2360 potest.
1431 2288 1518 2346 Certe

350 2401 440 2466 poeta
464 2412 482 2450 a
505 2394 738 2469 mythographis,
764 2395 813 2468 qui
840 2394 939 2452 omnia
967 2395 1037 2462 fere,
1070 2411 1146 2468 quae
1177 2394 1338 2469 proferunt,
1364 2396 1402 2452 ab
1426 2395 1521 2471 hypo-

349 2501 474 2558 theseon
498 2510 618 2559 auctore
636 2502 722 2559 furati
746 2511 822 2571 sunt,
840 2502 881 2558 ita
905 2501 1002 2569 distat,
1022 2511 1052 2558 ut
1075 2502 1234 2576 plerosque
1256 2503 1364 2570 fontes
1389 2503 1427 2561 ad
1446 2523 1524 2577 quos

349 2608 480 2665 narratio
505 2608 535 2665 in
559 2608 725 2667 enchiridio
749 2609 800 2666 illo
825 2608 1054 2667 accommodata
1078 2618 1148 2686 erat,
1165 2609 1228 2684 ipse
1253 2609 1434 2684 cognoverit.
1477 2613 1525 2669 Ac

349 2726 449 2772 tamen
473 2734 549 2785 eum,
575 2734 642 2773 cum
668 2716 803 2775 ordinem
827 2717 1123 2774 transformationum
1140 2717 1313 2792 disponeret
1336 2728 1366 2775 et
1389 2718 1524 2794 singulas

349 2834 505 2892 enarraret,
524 2823 631 2881 librum
656 2824 801 2883 eiusmodi
824 2823 921 2882 adisse
946 2824 1033 2882 etiam
1052 2824 1164 2898 Hygini
1190 2825 1375 2899 comparatio
1400 2825 1522 2900 probat.

349 2930 494 2988 Fabulam
520 2935 569 3006 96,
596 2951 672 3006 quae
696 2942 739 2988 est
763 2932 801 2989 de
824 2931 950 2998 Achille,
977 2930 1093 3004 Cypriis
1118 2931 1250 2988 debitam
1286 2933 1524 3007 mythographus

348 3038 527 3097 simillimam
545 3039 714 3097 Ovidianae
731 3050 798 3096 met.
817 3040 900 3107 Xlll,
918 3040 1087 3112 162-170
1105 3038 1238 3112 praebet,
1252 3038 1305 3096 sed
1321 3039 1522 3113 ampliorem:

348 3145 437 3204 tubae
468 3164 583 3217 sonum,
620 3165 680 3221 quo
711 3146 858 3204 Achillem
890 3145 1047 3204 excitatum
1081 3163 1145 3203 esse
1182 3146 1320 3222 Hyginus
1353 3147 1523 3206 secundum

355 3377 670 3386 ———-.——

457 3516 477 3586 1)
498 3519 556 3568 Alia
575 3525 660 3568 contra
679 3520 804 3584 Laugium
822 3519 863 3583 (de
883 3536 947 3567 nexu
966 3536 989 3582 p.
1011 3519 1043 3578 67
1065 3519 1098 3583 s.)
1116 3527 1263 3568 monuerunt
1283 3519 1416 3568 Bursianus
1429 3520 1523 3570 Fleck-

348 3609 427 3658 eisen.
449 3610 534 3658 annal.
555 3609 617 3673 phil.
631 3610 723 3665 XCIII,
747 3626 772 3673 p.
797 3619 846 3670 779
866 3616 890 3657 et
902 3610 1046 3657 Foersterus
1065 3610 1124 3656 raub
1139 3609 1182 3656 der
1196 3609 1312 3672 Perseph.
1334 3625 1360 3672 p.
1383 3610 1414 3670 87
1436 3627 1463 3658 n.
1488 3625 1519 3670 2,

346 3700 378 3748 cs.
401 3717 425 3763 p.
449 3714 507 3761 ²90·

454 3805 473 3875 2)
494 3809 572 3858 Bethe
601 3816 699 3873 quaest¹
729 3807 807 3862 Diod,
836 3823 861 3869 p.
884 3816 916 3867 97
937 3823 976 3874 ⁵·3
999 3806 1165 3854 lVilamowitz
1195 3805 1255 3854 einl.
1277 3807 1301 3853 iu
1322 3807 1349 3854 d.
1372 3813 1416 3854 att.
1451 3815 1520 3873 trag.

346 3915 371 3962 p.
398 3900 458 3956 168;
481 3898 599 3947 Ribbeck
620 3903 683 3946 riirn.
706 3897 784 3945 dicht.
805 3897 829 3944 ll
849 3913 874 3959 p.
897 3896 957 3957 289.

453 4004 476 4072 ³)
493 4006 548 4055 bild
568 4008 618 4054 und
637 4006 687 4054 lied
707 4022 732 4068 p.
756 4019 804 4067 231
827 4022 852 4052 n.
876 4015 900 4067 5.
922 4031 944 4040 -
975 4005 1064 4052 Mirum
1092 4005 1117 4052 in
1147 4005 1250 4053 modum
1280 4004 1313 4050 ab
1332 4002 1426 4051 Ovidio
1456 4013 1518 4054 met.

346 4098 365 4154 l,
385 4098 521 4159 748-751
537 4096 636 4159 Epaphi
656 4104 682 4145 et
700 4095 863 4143 Phaethontis
884 4094 982 4142 fabulae
1002 4095 1183 4157 coniunguntur
1206 4094 1332 4159 (Ribbeck
1353 4098 1414 4141 ro'm.
1437 4094 1519 4144 dicht.

346 4187 370 4234 ll
390 4202 416 4250 p.
439 4184 514 4253 291).
555 4185 625 4233 Ordo
653 4185 812 4249 Hyginianus
843 4193 892 4232 est:
923 4200 945 4232 c.
971 4197 1018 4244 149
1039 4183 1165 4246 Epaphus,
1198 4201 1219 4238 c,
1243 4195 1291 4246 150
1310 4183 1517 4250 Titanomachia,

346 4293 367 4330 c,
391 4287 436 4338 151
458 4293 488 4325 ex
507 4276 631 4339 Typhone
652 4283 677 4324 et
696 4275 810 4322 Echidna
829 4274 918 4339 geniti²
941 4290 961 4324 c.
986 4284 1033 4336 152
1054 4274 1162 4336 Typhon
1177 4273 1363 4326 -Phaethon
1401 4273 1520 4324 Fortasse

347 4365 459 4425 Ovidius,
482 4382 537 4414 cum
554 4365 731 4428 compendium
751 4365 889 4428 inspiceret,
912 4381 950 4421 ea,
968 4380 1031 4427 quae
1045 4364 1076 4411 de
1088 4363 1221 4412 Titaniset
1234 4363 1357 4427 Typhone
1368 4362 1519 4431 reseruntur,

345 4456 438 4522 omisit,
458 4456 550 4520 quippe
570 4470 632 4518 quae
652 4454 767 4517 exempla
788 4453 1035 4502 transtorrnatiouum
1064 4470 1115 4505 nou
1145 4456 1300 4518 praeberent,
1332 4467 1360 4500 ac
1390 4468 1437 4515 per
1466 4453 1520 4504 vim

345 4545 444 4610 Epaphi
464 4553 489 4594 et
507 4543 670 4593 Phaethontis
689 4560 727 4592 res
746 4543 936 4608 conglutinavit.
