3136 5354
812 384 1108 439 ..μ-4

341 572 394 635 est,
412 564 522 621 collato
546 580 613 619 cum
631 560 732 619 Ovidii
757 570 826 620 met.
852 562 890 629 X,
911 565 1091 636 298—502.
1139 560 1217 617 Nam
1234 569 1325 634 poeta
1349 568 1379 618 et
1395 560 1512 635 mytho-

341 672 479 748 graphuS,
504 688 571 727 cum
596 669 716 726 fabulae
740 668 885 742 tragicum
915 669 1066 742 quendam
1091 668 1222 725 colorem
1246 667 1380 736 addunt,
1406 667 1450 725 ita
1474 669 1512 725 ab

342 779 393 848 eiS,
419 797 479 853 qua
503 776 705 852 Apollodorus
734 777 778 832 III
808 795 877 846 14.4
902 775 1049 849 Panyasin
1084 786 1201 832 secutus
1232 775 1429 850 similiterque
1453 777 1513 832 An-

341 886 460 944 toninus
476 883 622 941 Liberalis
648 903 687 958 34
712 891 841 951 narrant,
860 883 1012 953 recedunt,
1033 891 1064 939 ut
1088 893 1244 957 utrumque
1262 883 1300 940 ad
1317 900 1512 940 communem

343 1003 503 1062 auctorem,
538 991 589 1065 qui
622 1000 690 1065 post
722 990 871 1065 Panyasin
905 990 1030 1064 scripsit,
1070 989 1164 1048 redire
1197 989 1258 1047 veri
1294 989 1390 1048 simile
1428 990 1475 1048 sit.
1491 987 1513 1068 ¹)

343 1102 499 1174 Smyrnam
523 1097 612 1166 enim,
635 1108 795 1172 antequam
826 1097 919 1154 amori
952 1097 1077 1155 scelesto
1105 1115 1137 1154 se
1170 1097 1310 1166 dedisset,
1335 1098 1451 1155 collum
1484 1098 1514 1155 in

342 1210 481 1282 laqueum
506 1205 635 1264 inserere
658 1205 796 1273 voluisse,
831 1204 885 1262 sed
909 1224 926 1262 a
950 1204 1063 1262 nutrice
1088 1204 1260 1279 impeditam
1290 1224 1355 1263 esse
1380 1206 1513 1264 tradunt.

343 1314 496 1390 Hyginum
522 1322 619 1371 autem
650 1331 711 1369 non
743 1331 777 1370 ex
814 1322 905 1387 poeta
933 1312 1064 1386 pendere
1092 1311 1163 1369 inde
1197 1323 1329 1387 apparet,
1355 1314 1441 1388 quod
1466 1313 1516 1371 ille

344 1442 418 1480 unus
442 1420 526 1480 addit
549 1399 689 1495 superbia
713 1419 907 1477 Cenchreidis
931 1417 1031 1475 matris
1048 1419 1192 1492 Smyrnae
1216 1419 1290 1476 iram
1314 1420 1444 1478 Veneris
1470 1441 1516 1479 ex-

345 1530 464 1588 citatam
488 1545 562 1586 esse.
609 1527 678 1583 Alia
702 1545 831 1601 quoque,
859 1544 938 1601 quae
961 1525 1079 1584 levioris
1104 1526 1247 1583 momenti
1271 1536 1347 1596 sunt,
1374 1527 1412 1584 ab
1440 1539 1517 1586 utro·

345 1655 404 1711 que
420 1634 535 1693 diverse
549 1633 726 1703 indicantur,
745 1645 775 1691 ut
791 1652 902 1691 nomen
920 1633 1068 1708 Myrrhae,
1086 1634 1133 1691 cui
1151 1635 1384 1709 mythographus
1401 1654 1517 1694 nomen

346 1746 490 1818 Smyrnae
513 1742 594 1817 apud
616 1741 740 1798 Latinos
774 1741 870 1798 minus
895 1741 1032 1798 usitatum
1062 1741 1122 1811 dat,
1156 1752 1184 1799 et
1211 1741 1308 1815 patria
1332 1742 1475 1816 Cinyrae.
1492 1737 1518 1826 Ψ)

311 1917 313 1920 Α
346 1852 381 1909 ld
413 1869 482 1908 vero
514 1849 590 1907 inter
622 1867 674 1907 eos
698 1849 847 1919 convenit,
880 1848 963 1923 quod
996 1867 1088 1918 amor,
1123 1867 1183 1923 quo
1212 1850 1315 1906 Venus
1340 1851 1517 1910 Adonidem

346 1958 592 2034 prosequebatur,
618 1955 690 2013 ultio
715 1955 823 2014 dicitur
847 1956 935 2014 fuisse
959 1955 1061 2013 mortis
1086 1956 1238 2030 Smyrnae.
1255 1949 1277 2039 3)

453 2064 591 2122 Vidimus
616 2062 704 2138 igitur
727 2082 839 2121 merum
866 2063 1031 2138 argumenti
1055 2081 1234 2121 consensum
1251 2064 1435 2122 documento
1454 2084 1520 2124 esse

348 2193 410 2230 non
436 2190 534 2247 posse,
561 2190 621 2246 quo
646 2170 800 2246 Hyginum
824 2171 920 2246 poetis
944 2190 1029 2228 usum
1054 2189 1117 2228 esse
1141 2170 1308 2229 necessarie
1332 2173 1520 2232 demonstre-

348 2291 403 2338 tur.
450 2281 495 2336 Ac
519 2297 609 2354 supra
632 2277 691 2335 iam
717 2278 844 2335 diximus
868 2278 985 2353 saepius
1009 2277 1134 2352 vestigia
1169 2278 1345 2337 elocutionis
1380 2281 1520 2354 poeticae

348 2387 501 2456 accedere,
518 2395 550 2443 ut
573 2404 634 2443 rem
660 2385 767 2443 certius
791 2385 956 2443 diiudicare
979 2385 1075 2444 liceat.
1128 2386 1321 2461 Quamquam
1344 2387 1421 2445 haec
1447 2407 1522 2463 quo·

350 2514 408 2570 que
432 2493 601 2552 cautissime
625 2493 788 2551 examinari
812 2493 978 2568 oportebit:
1003 2494 1183 2552 Schmidtius
1208 2494 1287 2551 enim
1314 2494 1345 2551 in
1371 2495 1519 2566 editione,

350 2614 382 2660 ut
406 2601 601 2660 imitationem
625 2610 781 2675 poetarum
805 2600 995 2675 signiticaret,
1021 2601 1101 2659 haud
1126 2620 1222 2676 pauca
1235 2596 1259 2682 ⁴)
1284 2601 1387 2659 litteris
1413 2603 1520 2661 diduc-

352 2711 389 2768 tis
414 2707 614 2784 imprimenda
638 2707 760 2776 curavit,
787 2726 864 2782 quae
888 2708 1037 2766 levissima
1060 2728 1095 2766 ac
1119 2710 1193 2766 forte
1217 2708 1334 2766 illorum
1359 2710 1459 2767 verbis
1485 2710 1522 2767 si·

350 2816 433 2875 milia
457 2826 533 2885 sunt,
560 2815 619 2872 alia
641 2825 796 2890 praeterea
820 2816 859 2873 ad
883 2816 966 2872 locos
991 2816 1126 2890 poeticos
1151 2815 1324 2874 coniectura
1347 2836 1520 2875 accommo-

353 2927 424 2984 dare
459 2933 584 2981 conatus
608 2932 661 2980 est.
709 2922 800 2981 Cuius
823 2923 899 2980 ratio
924 2923 985 2980 iure
1009 2943 1027 2981 a
1051 2926 1172 2998 Mayero
1205 2933 1234 2980 et
1258 2919 1422 3007 Ungerof‘)
1447 2926 1523 2984 vitu-

352 3045 454 3108 perata
479 3040 531 3090 est.

461 3138 521 3197 Sed
547 3148 707 3211 antequam
743 3137 782 3194 ad
815 3155 860 3207 ea,
896 3155 973 3211 quae
997 3136 1130 3212 Vergilio
1166 3147 1194 3195 et
1218 3137 1328 3195 Ovidio
1363 3139 1523 3210 debentur,

464 3454 483 3522 1)
501 3455 623 3505 Fabulam
656 3462 735 3504 aetate
763 3454 933 3503 Alexandrina
964 3462 1092 3503 tractatam
1125 3472 1178 3502 esso.
1209 3456 1282 3504 docrt
1311 3456 1396 3504 llelvii
1425 3457 1526 3509 Cinnae

357 3548 470 3611 Zmyrna,
502 3563 577 3610 quarn
607 3546 638 3593 ad
668 3545 791 3593 Parthenii
821 3560 919 3592 cannen
958 3545 1036 3592 redire
1066 3553 1134 3609 putat
1162 3545 1329 3607 Kiesslingius
1358 3559 1525 3598 commentat.

357 3639 476 3686 Momms.
497 3652 523 3698 p.
545 3645 592 3698 351
614 3651 650 3698 sq.

464 3722 486 3791 ²)
504 3724 614 3787 Langius
633 3725 664 3772 de
691 3740 755 3772 nexu
774 3740 800 3788 p.
821 3737 854 3782 42
885 3724 993 3773 fabulam
1022 3732 1149 3787 praeterea
1177 3725 1208 3772 ab
1231 3725 1334 3788 Hygino
1363 3744 1418 3776 cum
1440 3729 1528 3793 Nycti-

359 3830 444 3864 menes
463 3814 548 3863 fabula
567 3812 695 3862 confusam
716 3830 769 3863 esse
788 3822 879 3868 censet,

466 3901 485 3970 ³)
504 3904 580 3952 Ouid.
602 3921 625 3955 v.
647 3915 697 3967 524

361 3994 739 4056 iamplacetetVeneri
755 3994 940 4056 matrisque
957 3992 1266 4057 ulcisciturignes;
1284 3995 1363 4058 llyg.:
1382 3997 1526 4062 Adonis,

361 4083 413 4148 qui
433 4083 549 4131 matris
580 4099 707 4147 poenas
726 4099 741 4131 a
759 4083 885 4131 Venere
905 4091 952 4130 est
971 4082 1152 4131 insecutus.

469 4169 492 4237 ⁴)
511 4172 594 4221 Verba
624 4172 724 4220 fabulae
759 4186 806 4220 112
835 4173 907 4237 (roo.
927 4169 952 4239 3)
985 4172 1136 4220 servavit
1167 4172 1295 4236 Apollo
1326 4190 1384 4223 casu
1415 4176 1534 4240 leguntur

362 4263 428 4326 apud
447 4261 579 4310 Horatium
602 4270 649 4310 sat.
670 4263 682 4310 I
702 4275 727 4322 9.
751 4262 792 4323 78.
832 4262 896 4310 Cum
916 4261 982 4310 exitu
1003 4261 1090 4324 capitis
1123 4273 1172 4324 154
1192 4265 1246 4328 (27.
1271 4262 1313 4330 18)
1342 4264 1369 4312 is
1398 4281 1533 4332 quoque

364 4351 510 4400 moriens
529 4350 651 4399 flebile
671 4351 762 4400 canit
781 4351 814 4398 cl.
836 4350 913 4399 Ovid.
937 4352 1030 4399 remed.
1052 4351 1085 4413 36

471 4441 623 4488 exclusus
644 4440 769 4488 flebile
789 4446 908 4489 cantet
927 4457 1049 4492 ornans.

471 4527 494 4598 ⁵)
514 4531 599 4594 Mayer
617 4531 706 4583 Herm.
727 4532 785 4597 XX,
806 4547 832 4596 p.
859 4545 906 4581 112
929 4548 955 4582 n.
981 4545 1008 4591 13
1031 4531 1114 4596 Unger
1133 4533 1223 4597 philol.
1243 4533 1336 4606 XLVI,
1357 4550 1382 4600 p.
1405 4546 1465 4600 217,
