3136 5354
686 350 793 411 -.78
841 381 882 390 ..

200 536 266 624 (28.
298 541 359 621 18):
384 544 537 618 Plexppas
561 545 644 601 hh’us
667 545 790 618 Lynceus
819 544 924 600 Thestii
936 544 999 618 filii
1011 545 1124 618 fratres
1141 545 1283 601 Althaeae
1298 553 1369 600 nata

201 661 267 708 sunt
291 671 327 709 ex
351 651 482 708 versibus
507 651 609 709 Ovidii
633 661 701 709 met.
728 653 812 720 VIII,
829 671 902 725 304.
929 667 989 725 305
1017 671 1154 726 peruerse
1187 650 1368 708 intellectis:

306 766 332 815 et
352 760 406 816 dria
434 759 609 828 Thestiadae,
627 759 721 834 proles
744 759 904 833 Aphareia,
928 759 1050 832 Lynceus

306 875 333 922 et
352 867 432 924 velex
456 867 533 923 [rtis.

306 975 387 1031 Vera
409 974 529 1031 fratrum
546 975 692 1032 Althaeae
715 974 838 1031 nomiua
854 973 977 1048 Hygino
1002 983 1074 1030 uota
1090 973 1179 1031 fuisse
1196 983 1286 1047 caput
1307 991 1370 1042 244

200 1076 289 1162 (136.
318 1074 368 1164 20)
394 1081 492 1151 docet,
518 1101 577 1156 quo
602 1083 761 1157 Plexippus
787 1093 815 1140 et
838 1083 962 1157 Agenor
985 1081 1184 1139 nominantur.
1234 1082 1368 1155 Interpo-

200 1190 259 1246 lata
283 1199 381 1246 autem
405 1190 527 1247 nomina
550 1189 639 1248 etiam
663 1189 694 1246 in
718 1201 807 1264 caput
835 1207 894 1263 174
919 1189 1105 1263 irrepserunt.

278 1294 280 1299 ’
307 1297 438 1354 Semeles
462 1316 541 1354 mors
566 1297 671 1355 iisdem
688 1298 748 1354 fere
772 1296 869 1354 verbis
894 1297 1042 1371 capitibus
1064 1314 1123 1372 179
1142 1308 1170 1354 et
1198 1300 1253 1368 167
1282 1295 1369 1353 reser-

201 1413 255 1472 tur,
280 1422 296 1461 e
321 1404 429 1478 quibus
454 1404 527 1462 illud
555 1404 782 1479 praeferendum
814 1423 879 1462 csse
903 1405 949 1461 vel
984 1415 1105 1478 propter
1135 1404 1281 1473 ordinem,
1308 1422 1370 1476 quo

202 1510 303 1568 sabula
334 1520 495 1580 enarratur,
530 1511 687 1585 probabile
718 1510 833 1568 videtur
867 1530 940 1568 esse.
988 1511 1094 1584 Neque
1128 1511 1187 1568 ulla
1219 1509 1370 1567 dubitatio

200 1616 391 1691 relinquetur,
416 1617 440 1675 si
464 1617 556 1676 verba
580 1618 766 1675 conferemus
790 1617 941 1691 utriusque
965 1617 1086 1692 capitis:

420 1763 445 1801 c.
475 1762 544 1818 179.
1027 1764 1053 1800 c.
1084 1746 1152 1816 167.

244 1851 318 1907 haia
347 1853 499 1925 persuasit,
536 1858 569 1908 at
594 1856 699 1925 peteret
728 1850 763 1906 ah
852 1851 926 1906 Irrita
948 1853 1007 1906 ait:
1024 1851 1161 1919 uitiatam,
1179 1858 1274 1926 pstea
1294 1853 1370 1919 liae,

202 1959 275 2026 leat,
300 1965 332 2014 at
352 1959 441 2015 callem
464 1959 543 2016 triade
573 1959 615 2015 ad
642 1977 670 2014 st
696 1977 760 2031 91111-
807 1964 839 2013 at
858 1959 897 2014 sit
917 1959 960 2014 ad
978 1966 1002 2014 te
1025 1960 1127 2026 tertiat,
1149 1978 1228 2031 prtem
1252 1959 1296 2015 ad
1315 1980 1370 2017 11111-

201 2065 280 2122 mada
302 2065 345 2121 ad
367 2066 497 2122 hararum
522 2066 634 2134 aratra,
659 2066 761 2120 ί111111-
808 2065 874 2121 thim
902 2066 944 2121 art
965 2066 1108 2132 lrraaurm,
1133 2073 1165 2122 ut
1193 2068 1272 2134 sa'as,
1297 2088 1372 2141 pirric

201 2171 327 2242 telliturs’,
351 2174 451 2247 inpar,
476 2178 557 2245 ‘artat
579 2174 617 2228 sit
635 2172 761 2245 variatas
806 2172 933 2246 zalzptas
955 2179 996 2228 cst
1015 2190 1074 2229 ram
1097 2173 1145 2229 ihr)
1161 2170 1370 2255 taricamherc.¹)

201 2296 261 2335 caru
285 2279 333 2336 rica
355 2279 544 2336 tarrcrtirrhcress

308 2406 406 2480 Caput
428 2407 483 2478 167
510 2404 631 2462 unicum
656 2405 821 2462 fabularum
845 2405 944 2462 locum
962 2406 1090 2473 exbibet,
1109 2424 1168 2479 quo
1185 2405 1367 2464 indicativus

202 2512 232 2568 in
256 2512 487 2588 iuterrogatione
512 2512 636 2587 obliqua
659 2531 713 2587 pro
745 2510 936 2569 coniunctivo
971 2522 1134 2587 usurpatur.
1152 2506 1173 2591 2)
1220 2513 1368 2571 Fabulam

202 2640 231 2692 4,
257 2638 334 2694 quae
366 2620 486 2678 easdem
521 2638 576 2693 reS,
602 2638 675 2694 quas
710 2619 830 2676 fabulae
859 2639 869 2675 1
899 2630 926 2677 et
953 2639 980 2689 2,
1005 2630 1111 2688 narrat,
1138 2621 1267 2695 spuriam
1303 2641 1369 2680 csse

202 2727 362 2784 Bursiauus
386 2727 405 2784 1,
431 2727 449 2783 l.
474 2746 503 2802 p.
532 2745 591 2799 772
618 2745 634 2784 e
658 2725 775 2784 diversa
810 2725 1012 2783 declinatione
1048 2727 1177 2784 nominis
1203 2729 1272 2785 [11111
1304 2749 1369 2803 per·

201 2834 304 2909 spexit.
353 2834 488 2892 Eandem
513 2834 643 2908 denique
667 2833 815 2891 rationem
848 2833 924 2891 iuter
957 2833 1054 2908 capita
1083 2838 1174 2907 rapa
1197 2845 1225 2892 et
1249 2836 1278 2904 11,
1310 2841 1369 2895 180

202 2952 231 3000 et
259 2945 328 3010 181,
359 2961 394 3015 13
421 2952 449 2999 et
476 2961 512 2997 22
539 2962 567 3016 p.
596 2958 633 3017 53
665 2943 683 3002 l.
715 2961 850 3015 10-13,
878 2957 917 3016 50
952 2952 980 3000 et
1006 2957 1055 3016 51,
1083 2946 1119 3014 87
1154 2953 1183 3000 et
1208 2946 1247 2999 88
1282 2943 1370 3002 inter·

202 3049 308 3107 cedere
331 3048 392 3106 veri
416 3048 512 3106 simile
537 3058 589 3118 est,
607 3041 630 3131 3)
655 3048 797 3123 equibus
822 3048 920 3124 capita
949 3052 1008 3124 169
1025 3069 1051 3119 a,
1082 3053 1152 3119 180,
1175 3070 1222 3124 13,
1250 3067 1299 3125 51,
1328 3055 1368 3108 88

202 3155 383 3231 exemplaria
407 3165 571 3213 ceterorum
596 3156 733 3214 videntur
756 3155 855 3214 fuisse.

310 3262 344 3319 ln
384 3263 590 3338 percensendo
626 3263 713 3338 igitur
752 3263 917 3321 fabularum
957 3274 1034 3322 statu
1073 3265 1196 3341 vestigia
1236 3266 1370 3340 capium]

202 3389 355 3428 occurrere
390 3370 594 3445 cognovimus,
631 3389 716 3445 quae,
743 3389 810 3428 cum
846 3382 1003 3430 retractata
1038 3373 1096 3430 sint
1130 3393 1165 3430 ac
1205 3373 1369 3447 duplicata,

202 3483 327 3535 tormam
352 3478 521 3535 fabularum·
542 3478 630 3536 nabis
654 3478 792 3536 traditam
817 3498 878 3537 non
903 3480 941 3536 ab
965 3480 1031 3555 ipso
1056 3490 1176 3538 atrctore
1194 3481 1368 3554 prosettam,

203 3586 256 3644 sed
279 3585 367 3643 variis
392 3585 517 3643 aliorum
542 3585 754 3644 additamentis
778 3585 918 3645 infectam
948 3605 1012 3646 esse
1049 3607 1159 3661 ruagno
1184 3597 1251 3644 suut
1275 3588 1369 3644 ‹locu-

202 3705 314 3751 ment0.
365 3694 504 3766 Quocum
529 3693 595 3762 alia,
622 3712 697 3768 quae
722 3714 739 3751 a
762 3695 830 3752 viris
854 3695 950 3753 doctis
975 3696 1133 3754 observata
1157 3705 1234 3764 suut,
1269 3696 1370 3752 eonci-

202 3813 285 3859 nunt.
333 3801 463 3859 Maxime
487 3821 553 3859 cum
578 3822 615 3860 eo
638 3803 818 3860 retractandi
842 3821 959 3879 genere,
986 3805 1086 3877 quode
1110 3821 1199 3878 supra
1231 3803 1369 3860 disserui-

203 3928 277 3980 muS,
304 3909 432 3967 studium
458 3908 597 3967 convenit
621 3909 753 3986 singulas
778 3911 894 3968 fabulas
918 3909 959 3966 ita
982 3909 1012 3967 in
1038 3910 1112 3969 duas
1147 3909 1312 3979 dividendi,
1342 3922 1372 3968 ut

204 4089 276 4094 --μ
291 4088 409 4093 --.....-
434 4085 518 4092 -.υ--..ψ

312 4173 320 4202 ¹
351 4175 383 4229 cl,
423 4211 428 4223 .
453 4188 462 4222 1
489 4212 494 4223 .

312 4177 332 4328 ²}
351 4187 503 4327 Tsciiassiry
530 4263 595 4312 stud.
617 4265 685 4328 lIyg.
715 4281 739 4327 p,
760 4276 792 4326 23
823 4279 849 4311 n.
872 4272 918 4325 503
949 4262 981 4318 cf.
1000 4263 1104 4312 Bursian
1123 4263 1285 4313 Fleckeisen.
1309 4283 1369 4314 aun.

203 4355 269 4417 plril.
291 4354 385 4418 XCIII,
408 4370 432 4415 p,
453 4354 513 4417 776,
533 4353 646 4401 Schmidt
665 4353 743 4416 praes.
765 4369 789 4416 p,
809 4352 879 4400 VIII.

309 4440 381 4507 3)01.
403 4444 488 4506 Lange
514 4443 546 4491 de
572 4459 636 4492 nexu
664 4460 690 4506 p.
722 4444 763 4510 18,
803 4443 908 4491 Bursian
932 4442 950 4490 l.
976 4442 995 4491 l.
1023 4459 1048 4506 p,
1079 4452 1140 4511 772,
1171 4443 1265 4492 Robert
1283 4443 1370 4495 Ilcnn·

202 4533 298 4591 XVIII,
322 4548 348 4596 p,
369 4534 421 4600 436
442 4551 466 4584 n.
490 4546 513 4600 1,
535 4533 572 4584 M.
594 4533 680 4597 Meyer
698 4533 758 4586 Ibid.
779 4533 836 4602 XX,
856 4548 881 4596 p.
905 4545 963 4594 119.
