3136 5354
691 100 911 158 ,29-

152 254 155 281 ³
215 274 349 334 Graecos
364 271 385 355 ¹)
410 289 634 348 commemorat,
662 279 788 337 Ovidius
813 280 930 339 omittit.
978 281 1054 339 Mire
1082 282 1242 357 praecipue
1267 283 1381 343 initium

206 381 348 441 fabulae:
372 385 464 441 Thera
486 386 588 442 nerea
610 403 669 443 cum
693 389 773 444 sciret
794 387 927 444 Achillem
942 388 1040 462 filium
1063 408 1144 445 suarm
1169 439 1174 450 .
1203 437 1208 447 .
1237 437 1242 448 .
1265 436 1271 460 ,
1296 394 1323 448 si
1344 393 1386 449 ad

202 487 333 548 fficiam
356 494 573 567 expugnandam
597 495 668 562 isset,
687 496 847 568 pereurrant
872 505 928 555 ete.
954 494 1086 554 concinit
1109 516 1176 554 cum
1200 517 1286 556 versu
1311 500 1381 557 Ovi·

194 592 305 656 diano
332 602 388 656 162

312 727 443 798 praescia
465 728 577 783 venturi
594 728 722 798 Kerrretria
745 727 854 786 Nereia
877 728 930 784 leri.

193 842 346 908 Fabulae
382 860 480 909 autem
515 861 625 908 certam
662 852 812 926 quandam
849 852 980 926 speciem
1005 862 1033 910 et
1068 855 1193 911 sormam
1230 866 1379 914 externam

197 948 250 1008 ab
283 958 481 1033 hypotheseos
513 970 634 1016 auctore
657 959 831 1034 impressam
864 979 930 1018 esse
954 961 1043 1018 docet
1081 961 1177 1019 simile
1201 963 1380 1038 Apollodori

152 1108 154 1153 ξ
203 1071 239 1125 3·
281 1069 325 1123 18.
358 1068 375 1122 8
416 1065 550 1123 initium:
594 1066 686 1141 Θέτις
725 1065 905 1152 προειδυῖα,
948 1063 996 1130 ὅτι
1037 1066 1087 1130 dar*
1123 1069 1380 1152 ozpaaeuo'pavov

209 1164 317 1236 αὐτὼ)
340 1170 530 1236 ἀπολέσθαι
555 1173 620 1235 κτλ.

317 1298 432 1356 Eadem
457 1299 572 1356 ratione
597 1316 769 1367 consensus,
795 1299 845 1373 qui
870 1298 945 1356 inter
968 1300 1082 1375 Hygini
1106 1301 1239 1359 fabulam
1266 1306 1294 1372 6,
1320 1323 1379 1378 qua

152 1420 161 1543 y
223 1401 254 1460 de
269 1405 372 1463 Cadmi
397 1404 642 1463 tranformatione
667 1406 771 1480 agitur,
797 1416 826 1463 et
843 1385 943 1465 Ovidii
961 1417 1029 1465 niet.
1055 1410 1108 1477 IV,
1128 1412 1297 1484 563—603
1325 1422 1378 1481 est,

152 1546 155 1561 ι
223 1512 374 1587 explicetur
397 1524 523 1588 oportet.
572 1515 609 1569 Et
640 1531 820 1587 quamquam
844 1523 948 1571 neuter
971 1533 1016 1572 res
1041 1535 1059 1572 a
1083 1516 1200 1573 Cadmo
1226 1516 1255 1574 in
1280 1519 1380 1592 Illyria

152 1592 159 1701 l
220 1629 308 1692 gestas
322 1613 344 1699 2)
369 1630 593 1689 commemorat,
612 1639 662 1677 eas
687 1631 786 1677 tamen
803 1621 926 1695 Hygino
950 1621 1068 1697 ignotas
1091 1642 1152 1680 non
1169 1623 1259 1681 fuisse
1282 1635 1379 1683 osten-

218 1726 284 1784 dunt
308 1728 401 1786 verba
426 1727 531 1802 capitis
551 1747 612 1798 240
636 1721 806 1810 (134.10):
831 1729 932 1800 Agaue
948 1730 1127 1802 Lycotlrersea
1150 1733 1179 1787 iri
1196 1732 1299 1804 Illyria
1323 1731 1376 1808 (se.

152 1834 154 1843 '
213 1834 342 1912 oceidit),
360 1841 393 1891 ut
413 1853 530 1907 regeriam
551 1835 657 1892 Cadmo
673 1838 758 1910 patri
778 1836 880 1905 daret,
897 1837 935 1894 ef.
954 1857 979 1893 e.
1002 1852 1062 1912 254
1081 1829 1233 1915 (140.14).
1272 1841 1378 1914 Itaque

210 1961 275 1999 cum
301 1952 433 2000 extrema
457 1943 575 2000 fabulae
604 1944 662 2013 184
688 1940 785 2018 (38.1)
810 1943 902 2000 verba
926 1943 1002 2004 sint:
1027 1945 1151 2016 Agaue.
1174 1991 1179 2002 .
1200 1991 1205 2001 .
1223 1947 1252 2002 ia
1275 1947 1378 2020 Illyria

199 2050 277 2124 fines
300 2050 411 2162 derepit
431 2049 472 2105 ad
491 2049 644 2106 Lr'colrrsea
668 2068 766 2121 regum,
791 2069 877 2123 prtum
900 2051 1049 2107 Lt'coter‘ses
1071 2054 1181 2126 excepit,
1198 2053 1378 2111 Schmidtius

206 2167 286 2214 reete
303 2156 469 2232 suspicatus
485 2155 600 2213 videtur
616 2175 680 2213 esse
697 2157 850 2225 nonnulla,
863 2174 940 2231 quae
957 2157 997 2214 ad
1014 2158 1161 2216 Cadmum
1178 2159 1376 2234 pertinebant,

204 2263 278 2321 olim
311 2263 361 2320 hic
392 2265 469 2321 lecta
499 2281 572 2323 esse.
621 2264 707 2336 Quae
742 2263 842 2332 verba,
874 2282 941 2320 eum
975 2264 1114 2322 foliorum
1146 2267 1377 2342 transpositione

203 2371 327 2429 fabulae
357 2372 527 2444 138—184
553 2389 588 2427 ex
612 2371 697 2427 initio
721 2368 751 2426 in
775 2370 905 2428 mediam
930 2370 997 2428 libri
1022 2383 1136 2447 partem
1161 2374 1375 2446 conicerentur,

203 2479 342 2536 mutilata
367 2496 432 2536 esse
455 2477 560 2534 mirum
577 2497 638 2534 non
663 2488 716 2537 est.
764 2478 823 2535 Sed
847 2478 877 2534 in
902 2478 968 2552 ipsa
984 2480 1086 2537 fabula
1110 2499 1201 2538 unum
1219 2492 1271 2551 est,
1294 2483 1376 2557 quod

202 2585 362 2660 Hyginum
379 2602 415 2642 ex
433 2585 558 2643 Graecis
576 2585 706 2659 pendere
725 2584 916 2644 demonstret.
953 2586 1031 2644 Nam
1047 2587 1087 2656 id,
1111 2589 1192 2663 quod
1209 2589 1335 2647 Ovidius
1350 2583 1377 2672 ³)

202 2693 332 2750 obscure
350 2692 474 2764 indicat,
491 2693 725 2767 mythographus
750 2692 859 2750 diserte
883 2693 954 2750 dicit
978 2693 1022 2751 ira
1046 2695 1149 2752 Martis
1173 2696 1320 2753 Cadmum
1346 2697 1375 2753 in

201 2800 369 2857 draconem
394 2817 569 2856 conversum
595 2817 669 2858 esse.
717 2802 839 2857 Poetam
864 2819 934 2858 vero
951 2801 1082 2859 fabulam
1107 2821 1142 2859 ex
1166 2803 1272 2861 eodem
1297 2822 1376 2861 eom·

201 2907 316 2983 pendio
335 2906 539 2981 mythologice
563 2917 651 2982 atque
667 2908 916 2982 mythographum
932 2908 1064 2966 hausisse
1081 2909 1171 2967 docet
1187 2911 1262 2968 ordo
1286 2911 1375 2969 totius

201 3013 395 3082 narrationis,
421 3032 499 3088 quae
523 3032 569 3071 res
593 3015 756 3073 Thebanas
780 3015 998 3090 complectitur,
1026 3017 1152 3074 collatus
1177 3036 1244 3075 eum
1261 3019 1375 3094 Hygini

202 3122 313 3180 fabulis
343 3123 524 3194 178-184.
564 3125 644 3178 1—6
682 3133 710 3180 et
733 3123 913 3198 Apollodori
938 3123 1120 3181 bibliotheca
1143 3126 1186 3182 ΠΙ
1212 3146 1240 3197 4.
1271 3129 1375 3183 r-lll

204 3246 234 3305 5.
260 3250 290 3302 4.
339 3229 418 3286 Nam
442 3248 503 3286 non
527 3228 618 3287 modo
644 3230 751 3288 Cadmi
776 3231 997 3288 transformatio
1022 3232 1061 3288 ab
1086 3232 1127 3289 eis
1152 3233 1285 3291 similiter
1307 3245 1375 3308 post

202 3337 443 3413 propinquorum
479 3336 540 3393 eius
575 3337 724 3396 interitum
758 3352 919 3408 enarratur,
952 3339 1004 3396 sed
1037 3338 1127 3396 etiam
1158 3351 1265 3410 cetera,
1297 3360 1375 3415 quae

202 3445 396 3513 antecedunt,
422 3445 529 3502 eodem
554 3445 614 3502 fere
638 3447 729 3504 modo
760 3446 964 3522 disponuntur.
1013 3447 1160 3504 Tabulam
1193 3448 1373 3522 adiungam,

202 3570 283 3627 quae
306 3551 451 3610 rationem
469 3553 545 3625 inter
569 3563 625 3610 tres
643 3553 709 3610 illos
733 3553 965 3612 intercedentem
984 3554 1122 3614 illustret:
1148 3574 1257 3613 moneo
1274 3565 1374 3614 tamen

202 3659 347 3718 Ovidium
371 3659 571 3717 narrationem
587 3678 648 3718 non
678 3661 866 3731 continuam,
884 3662 937 3720 sed
954 3662 1128 3738 saepissime
1144 3663 1267 3721 aliarum
1284 3674 1373 3722 trans·

201 3766 416 3826 formationum
441 3769 593 3826 mentione
617 3769 809 3844 interruptam
834 3770 986 3844 praebere.

410 3928 420 3959 2

200 3960 522 3971 -a———ss—ffl-

313 4085 334 4154 ¹)
353 4087 445 4136 Preller
464 4105 499 4150 gr,
520 4086 597 4150 myth.
618 4088 641 4135 ll
662 4104 687 4150 p.
708 4099 769 4150 417.

312 4173 332 4240 ²)
353 4178 476 4241 Apollod.
499 4191 524 4240 3.
547 4187 571 4241 5.
593 4190 624 4237 43
649 4178 741 4226 Preller
760 4181 784 4227 ll
805 4194 828 4243 p.
849 4189 880 4241 27
902 4195 927 4229 a.
953 4191 974 4228 1.

311 4263 334 4339 ³)
353 4266 386 4318 cl.
408 4267 546 4333 Hauptium
566 4268 608 4318 ad.
630 4278 689 4319 met.
710 4269 757 4331 111,
780 4273 823 4335 97.
