3136 5354
679 379 877 448 *i*-

417 562 533 633 Dosith.
1006 573 1101 630 codex
1125 575 1158 631 F.

243 659 297 746 deni
328 681 388 765 τήν
418 677 571 767 ἁρπαγήν
595 680 750 766 Περσὸφό-
841 682 1027 758 llorerpr‘nnr
1050 690 1136 757 raptu
1159 683 1337 739 aberrantes.

198 807 253 874 νης
277 785 467 874 θρηνοῦσαι.

306 949 451 1007 Bursiano
485 960 592 1017 autem,
618 948 667 1022 qui
701 948 932 1023 discrepantiam
965 950 1069 1006 tollere
1100 950 1206 1017 studet,
1233 969 1304 1006 cum
1339 942 1370 1005 in

198 1058 371 1115 'recensione
409 1056 522 1114 codicis
553 1057 585 1113 F.
620 1063 733 1129 raptaret
762 1056 908 1130 plorantes
943 1055 1062 1124 conicit,
1089 1066 1210 1130 propter
1242 1057 1370 1113 alteram

197 1166 278 1222 illam
302 1164 532 1238 discrepantiam
557 1161 692 1219 assentiri
723 1163 810 1219 nobis
834 1163 996 1220 nonlicet.
1045 1163 1080 1220 ld
1114 1163 1235 1236 quidem
1271 1174 1366 1220 statu·

199 1272 307 1329 endum
342 1281 385 1328 est
418 1269 599 1344 exemplaria
631 1269 782 1344 utriusque
815 1269 980 1338 dissentire,
1012 1270 1231 1327 Dositheanum
1267 1281 1369 1327 autem

199 1377 426 1454 praeferendum
449 1395 522 1434 esse.
572 1376 630 1432 Sed
655 1376 764 1433 exitum
789 1377 909 1434 fabulae
933 1378 971 1434 ab
996 1377 1155 1451 interprete
1180 1377 1302 1434 Graeco
1339 1378 1369 1433 iu

199 1485 316 1543 brevius
341 1486 524 1541 contractum
549 1502 614 1541 esse
647 1483 835 1558 perspicuum
861 1493 920 1559 est3
945 1484 981 1541 cf.
1018 1503 1085 1541 cum
1119 1483 1217 1541 verbis
1252 1484 1370 1541 codicis

199 1601 287 1666 caput
316 1607 372 1666 125
399 1588 485 1660 (108.
516 1585 578 1671 11).

308 1698 433 1755 Gravius
457 1716 527 1755 vero
558 1708 651 1755 exstat
684 1697 884 1754 testimonium
919 1698 1123 1756 recensionem
1147 1698 1369 1756 Dositheanam

198 1816 340 1864 anostra
364 1824 425 1862 non
449 1805 541 1863 modo
565 1805 711 1862 diversam
737 1806 835 1875 fuisse,
861 1807 914 1864 sed
938 1825 1163 1880 nonnumquam
1196 1805 1287 1863 etiam
1323 1807 1368 1863 in-

197 1913 355 1988 tegriorem
379 1930 512 1969 servasse
535 1923 662 1971 textum:
688 1913 884 1987 fragmentum
909 1913 988 1982 dic0,
1006 1913 1089 1987 quod
1106 1923 1149 1970 est
1165 1912 1203 1970 de
1220 1914 1365 1985 Tantalo,

199 2030 406 2095 comparatum
430 2038 497 2076 cum
521 2019 619 2076 verbis
643 2020 775 2077 codicis:

420 2179 538 2237 Dosith.
924 2181 956 2239 F.
982 2199 1007 2239 c.
1035 2183 1072 2237 82
1100 2179 1163 2252 (82.
1192 2176 1256 2250 zoi.

242 2287 283 2351 rei
323 2281 478 2350 κάλλιστα
517 2290 573 2368 τῆς
613 2283 755 2371 ὀπώρας,
839 2296 927 2362 potero
957 2289 983 2344 er'
1012 2296 1096 2362 serper
1126 2295 1209 2361 capm
1232 2291 1368 2363 pendent,

199 2388 286 2470 ὅπως
308 2394 415 2488 βλέπῃ
441 2402 496 2457 καὶ
519 2389 562 2476 μή
589 2388 741 2486 θιγγάνῃ.
804 2413 876 2467 perere
899 2413 959 2452 crem
983 2395 1044 2451 null
1064 2414 1171 2451 retinere
1195 2398 1274 2451 runai
1288 2405 1371 2453 rerem

807 2503 875 2558 azoti
895 2503 1030 2559 recedemt.

307 2663 487 2720 Munckerus
523 2662 637 2719 codicis
672 2662 764 2719 verba
800 2680 864 2719 esse
897 2662 1011 2719 censuit
1044 2663 1227 2735 glossatoris.
1276 2665 1369 2722 Nunc

200 2773 290 2830 verba
314 2790 376 2828 non
400 2769 537 2838 insiticia,
564 2770 617 2826 sed
642 2788 677 2826 ex
709 2769 855 2843 germinis,
882 2788 958 2843 quae
982 2770 1143 2827 Dositheus
1176 2771 1299 2838 indicat,
1327 2773 1370 2829 ita

200 2887 313 2936 mutata
346 2897 411 2936 esse
446 2877 597 2946 discimus
629 2886 660 2933 ut
693 2879 784 2934 verba
820 2878 1023 2935 antecedentis
1060 2877 1272 2935 enuntiationis
1309 2880 1369 2936 huc

199 2986 438 3043 transferrentur:

321 3165 346 3202 c.
374 3147 411 3202 82
438 3143 502 3221 (82.
528 3145 546 3201 l.
575 3139 639 3227 20).
1032 3147 1050 3202 l.
1082 3165 1127 3221 19.

229 3261 317 3328 perna
330 3253 356 3308 ei
364 3260 448 3326 seper
458 3260 542 3326 captet
544 3253 673 3326 pendent,
686 3271 758 3326 quere

198 3377 258 3417 cam
282 3361 343 3416 uult
363 3379 470 3416 surrrrre
492 3361 571 3416 sarni
591 3367 669 3416 vento
692 3361 760 3416 rnole'
846 3377 905 3416 cum
918 3351 1050 3417 lrnrrslrrm
1066 3380 1158 3434 aquae
1173 3360 1363 3429 rurltsrnnere,

199 3468 333 3524 recedunt.
805 3485 911 3539 nereum
934 3469 1061 3525 recedere.

309 3628 400 3701 Quod
425 3627 621 3701 fragmentum
646 3626 719 3683 illud
743 3626 962 3684 Dositheanum
987 3627 1130 3684 continuo
1154 3628 1262 3694 sabula,
1289 3647 1367 3702 quae

201 3747 245 3794 est
277 3736 315 3793 de
348 3735 475 3809 Philyra,
502 3734 656 3809 excipitur,
682 3753 743 3791 non
768 3744 820 3803 est,
854 3735 936 3807 quod
969 3736 1077 3792 lacuna
1110 3734 1268 3792 statuenda
1299 3754 1366 3794 esse

201 3843 345 3911 videatur,
372 3841 544 3917 praesertim
569 3860 636 3898 cum
661 3841 821 3898 Dositheus
854 3841 884 3898 in
918 3842 1056 3916 catalogo
1087 3842 1263 3908 salnilarum,
1289 3862 1366 3915 <pias

201 3960 385 4008 enarraturus
410 3960 481 4019 erat,
506 3950 626 4006 Tantali
652 3949 783 4006 tabulam
806 3958 874 4006 aute
897 3949 1033 4022 Philyrae
1064 3949 1193 4005 tabulam
1225 3949 1364 4008 collocet.

200 4060 334 4133 Apparet
358 4057 444 4131 igitur
468 4057 560 4114 verba
583 4055 740 4129 fragmenti
764 4055 794 4112 in
818 4056 896 4112 exitu
921 4055 1026 4130 capitis
1051 4055 1229 4112 Dositheani
1263 4055 1364 4128 fuisse,

201 4184 237 4223 ea
260 4175 368 4232 autem,
394 4181 472 4237 quae
495 4162 524 4219 in
549 4163 655 4220 codice
680 4164 712 4219 F.
738 4180 754 4218 e
779 4162 917 4219 Lucretio
932 4158 963 4240 ¹),
989 4172 1019 4218 ut
1051 4161 1176 4232 videtur,
1202 4163 1363 4232 adduntur,

253 4495 255 4500 ,
309 4460 329 4528 ¹)
348 4464 384 4510 Ill
405 4462 466 4523 980.
489 4462 536 4522 981
559 4462 663 4510 Lachm.

306 4553 374 4601 Nec
390 4552 695 4615 miserimpendeos
712 4553 966 4616 magnumtimet
981 4569 1052 4601 aere
1070 4553 1364 4605 saxumTantalus.
