3136 5354
677 393 895 460 „5,-

206 580 267 652 246
295 595 317 640 s.
337 577 416 656 Hyg.
435 598 464 655 p.
485 575 570 656 pao)
594 575 675 649 dicit,
694 575 724 637 id
749 578 919 641 auctoribus
936 576 1060 640 Graecis
1084 579 1291 642 communibus
1315 579 1364 643 de·

202 688 267 746 beri
294 707 381 763 posse
406 689 494 747 docet
519 687 645 760 Quintus
671 689 849 761 Smyrnaeus
873 691 941 759 XII,
969 686 1080 767 525.¹)
1125 692 1280 750 Ptaeterea
1302 693 1365 767 Hy·

201 796 291 871 ginus
315 796 538 871 inscriptionem
563 795 640 870 equi,
659 814 748 869 quam
766 797 913 872 Vergilius
937 796 1054 868 omittit,
1080 799 1190 872 profert
1212 795 1262 873 (cf.
1279 798 1366 857 Accii

202 904 315 979 Deiph.
341 905 375 961 fr.
393 906 458 960 1=
471 904 551 960 Serv.
573 904 648 961 Dan.
669 903 716 961 ad.
735 905 810 962 Aen.
829 905 867 972 ll,
888 905 946 983 17).
982 904 1130 978 Vergilius
1146 905 1277 981 denique
1300 925 1363 965 nar·

202 1022 248 1068 rat
275 1004 313 1093 (v.
343 1013 416 1089 256)
441 1010 593 1078 Sinonem,
620 1028 688 1066 cum
712 1011 794 1085 regia
817 1011 925 1086 puppis
957 1010 1041 1087 signa
1074 1011 1214 1084 dedisset,
1239 1013 1366 1073 claustra

201 1119 275 1193 equi
292 1118 415 1175 Troiani
439 1117 594 1175 revellisse.
636 1117 749 1191 Hygini
766 1127 863 1176 autem
882 1118 992 1181 verba:
1016 1118 1120 1176 Achivi
1139 1139 1174 1176 ex
1189 1139 1256 1195 equo
1271 1128 1366 1197 aperto
1430 1102 1432 1107 ,

201 1246 221 1282 a
253 1225 357 1283 Sinone
386 1226 520 1281 exierant.
548 1271 553 1281 .
581 1271 585 1281 .
618 1226 752 1299 sociosque
783 1227 861 1299 signa
889 1226 953 1282 dato
986 1234 1143 1301 receperunt
1170 1227 1266 1302 magis
1298 1245 1366 1286 cum

200 1332 361 1408 hypothesi
384 1321 484 1393 Ἰλίου
509 1329 656 1413 πέρσιὸος
680 1332 793 1389 Arctini
817 1325 860 1412 (p.
888 1351 927 1406 49
953 1327 1076 1416 Kinkel)
1102 1334 1283 1392 concinunt:
1308 1343 1365 1398 καὶ

202 1443 312 1503 Σίνων
335 1435 409 1513 τούς
433 1435 572 1523 ripale
596 1437 729 1518 ἀνίσχει.
778 1441 824 1496 Ac
847 1450 947 1496 tamen
978 1458 1117 1514 magnam
1142 1441 1366 1501 similitudinem

202 1548 280 1605 inter
296 1546 494 1604 narrationem
513 1547 661 1621 poeticam
686 1558 715 1604 et
732 1547 934 1621 Hyginianam
959 1565 1023 1605 esse
1039 1546 1223 1606 Ribbeckius
1238 1541 1264 1628 2)
1287 1558 1366 1607 recte

200 1655 296 1717 vidit:
322 1672 420 1728 neque
444 1653 567 1711 omnino
602 1654 664 1711 fieri
688 1654 793 1728 potuit,
818 1664 849 1711 ut
885 1655 1118 1730 mythographus
1141 1656 1275 1726 Latinus,
1299 1675 1367 1715 cum

202 1762 314 1819 Troiae
340 1760 487 1819 excidium
512 1761 638 1830 referret,
665 1761 838 1836 Vergiliana
863 1761 994 1819 evitaret.

335 1923 424 1996 Verg.
450 1923 526 1980 Aen.
551 1923 587 1989 ll,
616 1937 652 1996 25
1036 1922 1115 1997 Hyg.

247 2049 297 2086 nos
319 2029 468 2086 abiisse
491 2031 575 2085 rati
856 2028 976 2085 Troiani
1000 2075 1004 2085 .
1029 2076 1033 2086 .
1058 2077 1062 2086 .
1088 2031 1283 2089 arbitrati
1302 2041 1369 2092 sunt

785 2136 871 2192 hostes
894 2137 1044 2193 abiisse

429 2245 563 2315 266.267

247 2352 438 2407 caeduntur
455 2351 549 2422 uigiles
558 2352 761 2424 portisquepa·
801 2359 954 2424 portatam
993 2353 1111 2410 custodes
1148 2356 1225 2411 occi
1232 2355 1369 2414 derunt

532 2458 647 2515 tentibus
669 2476 760 2514 omnes
804 2460 999 2533 sociosque
1028 2462 1107 2532 signo
1130 2461 1195 2518 dato
1226 2470 1365 2538 recepe-

245 2567 443 2640 accipiant
463 2567 596 2621 socios.
806 2574 902 2623 runt.

306 2726 350 2783 Cf.
375 2735 528 2800 praeterea
552 2726 661 2783 verba:
687 2744 748 2783 cum
771 2734 850 2783 nocta
875 2727 938 2783 lusu
971 2735 1053 2801 atque
1084 2730 1149 2786 oriza
1172 2728 1242 2786 lassi
1273 2729 1366 2787 obdor-

197 2837 312 2891 missent
332 2851 400 2890 cum
423 2833 554 2891 versibus
581 2850 651 2908 253.
679 2835 737 2908 265
776 2844 804 2893 et
848 2834 955 2891 verba:
980 2835 1117 2892 Priamus
1137 2837 1289 2910 feriali
1309 2856 1367 2894 ma-

196 2950 315 3017 gnopere
339 2948 372 2997 ut
396 2948 484 2997 essent
512 2941 600 2997 arhart
632 2959 698 2998 cum
724 2942 828 2999 Horat.
854 2961 879 2998 c.
907 2961 935 3012 4.
963 2943 991 3000 6.
1021 2961 1072 3014 14:
1107 2944 1179 3000 malr
1212 2944 1367 3006 feriatos

202 3050 304 3106 Troas.
353 3047 413 3105 Sed
447 3048 531 3116 haec,
564 3066 640 3122 quae
672 3049 856 3122 protulimus,
890 3048 983 3124 magis
1017 3050 1055 3107 ad
1085 3049 1243 3107 verborum
1275 3068 1366 3125 quam

196 3155 364 3231 argumenti
390 3155 602 3212 mutuationem
627 3155 762 3213 videntur
795 3174 859 3214 esse
890 3156 1071 3214 revocanda.
1118 3157 1255 3227 Accedit,
1282 3157 1366 3232 quod

199 3264 339 3339 Hyginus
363 3263 450 3320 etiam
483 3264 652 3337 catalogum
677 3282 788 3333 eorum,
815 3264 866 3337 qui
896 3281 1005 3338 equum
1029 3265 1192 3323 Troianum
1222 3282 1364 3323 conscen-

197 3373 317 3439 derunt,
352 3379 459 3445 poetae
493 3369 591 3427 debet.
607 3363 628 3446 3)
675 3371 752 3428 Nam
784 3390 844 3428 non
878 3371 969 3428 modo
1003 3372 1126 3429 nomina
1157 3381 1271 3431 remoto
1304 3390 1364 3430 uno

196 3481 284 3553 Epeo
308 3477 494 3551 Vergilian0,
512 3495 601 3551 quem
619 3479 849 3552 mythographus
866 3477 1027 3536 memoriae
1043 3478 1115 3536 vitio
1132 3498 1199 3536 cum
1215 3479 1364 3540 Diomede

196 3585 343 3656 confudit,
371 3584 568 3653 consentiunt,
588 3585 639 3641 sed
664 3586 808 3642 nonnulla
832 3586 920 3643 etiarn
945 3586 1051 3643 eodem
1069 3586 1183 3656 ordine,
1201 3605 1261 3662 quo
1284 3588 1364 3662 apud

195 3691 372 3766 Vergilium,
386 3703 593 3748 enumerantur
607 3708 612 3748 :
632 3693 822 3750 Thessander
839 3694 993 3750 Sthenelus
1012 3726 1054 3736 .„
1064 3695 1193 3752 Acamas
1207 3695 1308 3752 Thoas
1322 3707 1367 3736 -'

197 3799 354 3857 Machaon
377 3798 601 3872 Neoptolemus,

307 3906 447 3964 Eiusdem
471 3906 587 3980 generis
604 3918 671 3963 sunt
692 3926 737 3976 ea,
756 3925 833 3981 quae
850 3908 879 3964 in
896 3927 921 3964 c.
945 3911 1001 3965 182
1029 3909 1067 3966 de
1083 3908 1247 3966 nutricibus
1264 3909 1363 3967 Liberi

201 4101 488 4110 ——ss-——ffl-

308 4204 328 4274 1)
347 4206 379 4253 cf.
402 4207 516 4254 Ribbeck
535 4210 597 4253 rom.
620 4214 681 4267 trag.
704 4222 729 4267 p.
753 4218 783 4266 27
805 4221 841 4261 s.;
865 4206 944 4254 Plaut.
965 4207 1058 4255 Bacch.
1081 4220 1140 4270 933,
1162 4224 1212 4272 quo
1229 4207 1366 4257 locoNae·-

195 4297 234 4344 vii
254 4297 351 4360 Equum
371 4296 506 4343 Troianum
527 4293 660 4358 significari
680 4304 749 4357 putat
768 4296 920 4344 llibbeclsius
939 4297 957 4343 l.
978 4297 996 4343 l.
1018 4312 1044 4359 p.
1065 4297 1109 4356 48.

307 4383 328 4447 ⁸²)
348 4386 365 4432 l.
386 4385 403 4432 l.
425 4402 450 4447 p.
474 4386 516 4432 26.

307 4472 328 4540 ³)
349 4473 552 4522 Wilamowitzius
569 4474 636 4536 Isyll.
653 4491 678 4522 v.
697 4475 834 4537 Epidauros
849 4493 873 4538 p.
891 4488 933 4537 49¹
953 4491 1007 4523 cum
1023 4475 1165 4545 catalogum
1183 4475 1261 4525 eicere
1279 4475 1363 4551 vellet,

196 4565 321 4630 reliquum
339 4564 487 4614 elocutionis
506 4578 654 4614 consensum
673 4564 790 4630 neglexit.
