3136 5354
528 394 572 404 ..
621 381 747 437 17..

52 544 228 636 Fulgentius
242 553 269 632 1)
292 569 445 634 praeterea
470 561 576 617 multus
600 570 644 618 est
676 560 707 617 in
740 560 849 619 talibus
874 561 1069 620 anacoluthis.
1119 547 1220 634 Quid?

53 668 135 743 quod
163 686 261 742 supra
292 685 307 725 e
339 668 504 742 fragmento
536 667 742 726 Niebubriano
777 667 974 726 intelleximus
1005 669 1221 726 nominativum

52 775 225 832 'absolutum
251 792 318 831 cum
344 774 457 848 reliqua
480 774 685 832 enuntiatione
708 777 774 833 laxe
791 775 992 845 coniunctum,
1011 795 1100 850 quem
1124 776 1222 833 codex

54 885 86 940 F.
113 882 144 939 in
169 882 271 940 fabula
295 885 335 957 69
360 882 494 956 praebet,
520 881 550 937 in
574 882 699 956 pristina
723 882 896 940 recensione
921 903 982 941 non
1007 883 1105 943 luisse.

163 1007 266 1065 Verba
298 1006 416 1064 fabulae
453 1010 492 1063 80
527 1024 616 1080 supra
648 1007 738 1066 allata
772 1015 836 1064 tnnc
866 1009 1023 1082 (intricatus
1045 1009 1159 1077 Pollex,
1192 1016 1225 1065 nt

54 1115 147 1171 liceret
167 1115 194 1169 ei
215 1133 420 1170 retenens-sitnm
443 1130 503 1169 enni
528 1113 628 1187 fratre
651 1116 859 1184 eonnnnninere,
883 1117 929 1171 cni
952 1117 1085 1188 permisit
1114 1135 1222 1173 novam

54 1239 111 1279 nec
143 1221 241 1277 minus
271 1220 436 1277 mirabilem
473 1219 592 1277 dicendi
628 1220 774 1279 rationem
809 1240 881 1296 prae
916 1240 948 1279 se
982 1223 1087 1291 serunt,
1124 1224 1223 1297 quade

55 1329 238 1386 Munckerus
255 1327 293 1384 ad
317 1328 377 1384 fab.
407 1347 441 1383 21
470 1337 497 1383 et
522 1347 540 1397 4
559 1338 587 1384 et
603 1327 820 1402 Tschiassnyus
837 1348 866 1403 p.
890 1349 926 1404 19
946 1348 968 1388 s.
987 1329 1221 1403 disputaverunt.

55 1437 184 1511 Saepius
209 1435 287 1493 enim
311 1453 479 1509 pronomen
503 1434 656 1492 relativum
690 1435 818 1510 ponitur,
855 1455 922 1493 cuin
959 1437 1223 1495 demonstrativum

54 1543 252 1602 desideretur.
298 1541 471 1616 Fulgentius
495 1541 580 1598 huius
605 1532 673 1599 usus
697 1543 779 1600 testis
814 1544 895 1601 haud
931 1544 973 1601 ita
1007 1543 1133 1603 idoneus
1169 1556 1222 1614 est,

55 1650 108 1725 qui
133 1669 201 1707 eum
226 1659 294 1708 ante
318 1648 455 1706 Dosithei
481 1659 607 1707 aetatem
632 1650 660 1707 in
686 1650 793 1708 fabulis
817 1652 906 1709 fuisse
923 1652 1109 1726 comprobet.
1158 1655 1223 1710 lure

56 1771 157 1817 autern
183 1756 312 1832 suspicio
337 1756 488 1826 excitatur,
515 1757 596 1830 quod
620 1758 800 1815 constructio
825 1759 929 1816 iterum
946 1759 976 1815 in
992 1760 1223 1829 narrationibus,

56 1886 133 1943 quas
159 1865 306 1940 capitibus
333 1880 390 1938 257
419 1873 447 1921 et
474 1879 534 1938 254
559 1874 672 1922 assutas
697 1884 761 1923 esse
796 1866 1065 1941 exploratissimum
1098 1878 1151 1938 est,
1177 1886 1225 1925 oc-

56 1975 163 2052 currit3
188 1993 215 2030 c.
243 1989 299 2048 257
328 1968 413 2045 (142.
441 1964 512 2054 20):
537 1971 677 2028 Phalaris
699 1981 791 2029 nutem
815 1973 1000 2031 Selinuntium
1018 1975 1142 2050 crnrfiei
1164 1993 1225 2032 reem

55 2085 163 2140 inderet
183 2081 252 2149 ideo,
276 2079 353 2153 qnod
371 2080 457 2135 leorae
479 2098 528 2134 tex
551 2080 627 2135 tertii
647 2081 705 2136 iem
729 2080 784 2136 diei
804 2088 892 2137 essent
912 2099 960 2138 nec
979 2083 1086 2139 vennae
1099 2083 1225 2152 ineius,

55 2192 102 2247 cui
116 2188 290 2246 Selinuntius
305 2185 445 2260 respondit
458 2187 528 2242 diem
544 2184 637 2242 aritine
651 2206 705 2243 nen
714 2189 894 2261 praeteriisse
901 2210 910 2257 ‚·
933 2207 959 2246 c.
982 2210 995 2245 2
1003 2205 1042 2264 54
1068 2188 1154 2265 (141.
1175 2185 1224 2272 2):

61 2299 183 2372 Cydippe
205 2312 265 2352 nnn
288 2295 367 2350 borres
389 2294 418 2349 in
434 2295 592 2367 pastionem
609 2296 727 2351 nniisset
746 2314 832 2368 eeeqne
854 2296 897 2351 nd
916 2297 1016 2353 laetenti
1043 2342 1048 2354 .
1076 2344 1081 2354 .
1110 2343 1115 2355 .
1140 2307 1225 2373 appet-

56 2411 153 2463 retent
173 2410 200 2460 et
220 2409 307 2459 essent
328 2403 433 2457 ertortni
454 2433 496 2441 —-
519 2420 591 2474 qnae
621 2403 678 2457 nesi
698 2400 741 2457 nei
769 2403 868 2459 liennn
903 2422 986 2459 sercin
1011 2404 1096 2478 seete
1132 2414 1226 2474 essent,

56 2512 184 2571 sacerdos
208 2508 423 2584 interficiebatur
445 2542 483 2548 --
511 2511 584 2565 inter
604 2528 690 2583 precene
725 2507 931 2583 trepidationem
961 2511 1054 2585 Cleops
1076 2519 1103 2568 et
1123 2513 1219 2569 Bitias

51 2629 109 2696 pro
132 2619 221 2676 bubus
244 2617 294 2673 snb
316 2618 380 2688 ²'ltt'0
403 2635 430 2672 se
452 2617 614 2676 innxenent.
662 2617 776 2674 Eadem
800 2628 906 2687 aetate,
933 2637 993 2693 qua
1016 2619 1092 2676 haec
1128 2620 1228 2695 capita

57 2725 234 2785 huiusmodi
258 2723 467 2782 additamentis
492 2732 578 2780 aucta
602 2734 678 2793 sunt,
704 2743 787 2781 usum
813 2725 894 2782 illum
919 2725 949 2782 in
985 2726 1101 2784 fabulas
1137 2727 1227 2802 irrep-

59 2835 133 2894 sisse
158 2833 354 2891 iudicandum
378 2841 431 2889 est.

168 2961 194 3016 E
218 2958 333 3033 syntaxi
357 2976 479 3014 casuum
503 2957 630 3014 maxime
665 2958 846 3015 constructio
875 2959 958 3016 verbi
993 2958 1104 3016 sedendi
1137 2960 1229 3034 digna

60 3081 113 3138 est,
140 3085 220 3142 quae
245 3065 466 3139 consideretur3
491 3084 516 3122 c.
545 3067 581 3121 61
609 3060 676 3146 (61.
708 3065 776 3141 17):
804 3067 898 3123 sedens
920 3067 1112 3140 qinidngnn·
1135 3086 1161 3127 c.
1190 3070 1227 3124 28

62 3170 125 3259 (57.
157 3169 228 3258 12):
252 3174 407 3231 eeleentnum
431 3172 533 3240 sedni,
558 3190 646 3246 quem
678 3173 777 3229 locuni
801 3175 940 3247 Ungerus
973 3173 1076 3248 philol.
1102 3174 1228 3244 XXXV,

61 3306 91 3360 p.
119 3287 179 3358 283
207 3292 328 3357 propter
352 3281 475 3339 alterurn
492 3280 660 3358 exemplum
677 3290 821 3355 temptare
844 3299 906 3338 non
923 3281 1035 3341 debuit.
1084 3282 1229 3356 Exempla

61 3391 147 3450 huius
184 3399 356 3459 structurae,
393 3407 469 3463 quae
494 3389 674 3445 Munckerus
708 3388 746 3447 ad
782 3384 841 3446 fab.
882 3390 918 3444 61
958 3389 1091 3458 contulit,
1129 3389 1230 3447 omnia

63 3499 185 3558 saeculo
209 3500 302 3556 altero
326 3497 465 3554 inferiora
482 3505 566 3558 sunt:
591 3495 780 3553 inveniuntur
797 3496 878 3570 apud
895 3498 919 3553 F
922 3496 1084 3570 ulgentium
1110 3489 1167 3578 (Ill
1196 3515 1228 3568 13

63 3607 139 3664 Zink
175 3625 205 3681 p.
231 3604 294 3681 43),
327 3603 515 3661 Lactantium
548 3602 739 3660 scholiastam
774 3603 957 3675 Thebaidos
997 3605 1122 3678 Gregor.
1159 3603 1229 3662 dial.

27 3715 32 3726 '
64 3715 129 3772 libr.
171 3712 291 3771 Passiva
307 3729 426 3786 quoque
442 3709 525 3768 verbi
541 3711 636 3766 sonna
652 3710 805 3768 transitive
821 3721 970 3784 usurpata,
989 3729 1067 3785 quae
1084 3710 1228 3768 minorem

65 3821 272 3881 difficultatem
305 3818 450 3894 praebere
482 3817 607 3887 videtur,
633 3796 659 3873 a*
675 3817 779 3874 Solino
814 3818 934 3875 demum
969 3828 998 3874 et
1022 3817 1179 3892 Spartiano
1204 3826 1233 3874 et

65 3929 194 4004 Vegetio
220 3926 386 3985 adhibetur.
434 3927 497 3982 lam
521 3943 590 3982 vero
615 3924 765 3983 indicibus
789 3924 898 3982 fabulis
923 3925 1043 3993 additis,
1061 3942 1136 3999 quos
1164 3934 1232 3983 ante

66 4034 273 4094 recensionem
307 4043 440 4089 nostram
475 4040 561 4089 natos
597 4050 661 4089 esse
697 4030 873 4102 videbimus,
911 4040 1084 4089 structuram
1120 4031 1191 4089 olim
1216 4051 1234 4089 a

71 4245 385 4255 ——-.---..—-—--—--——

175 4367 436 4439 1)1118(--.11yg,
456 4366 509 4415 sab.
534 4365 583 4425 164
602 4381 625 4434 c,
647 4382 709 4430 quae
735 4365 803 4414 illinc
831 4366 950 4415 translata
977 4365 1039 4432 est):
1068 4380 1159 4431 quant
1186 4382 1234 4415 ar·

75 4460 185 4510 borem
205 4467 297 4524 pater
316 4459 435 4522 gladio
455 4455 657 4519 percutiens
679 4457 771 4505 Adon
793 4456 917 4506 exinde
935 4463 1041 4506 natus
1059 4463 1118 4506 est.
1160 4456 1232 4515 Zink.

78 4549 116 4600 der
134 4550 265 4616 mytholog
282 4548 427 4613 Fulgentius
445 4563 471 4611 p.
492 4559 537 4608 49.

1026 4629 1041 4669 2
