3136 5354
671 97 891 168 ...38-

199 291 236 348 cf.
263 309 292 366 p.
323 311 391 350 12.2
397 288 426 369 3)
451 291 490 349 ad
514 292 613 348 locum
636 290 787 366 poeticum
811 290 899 348 nobis
923 309 984 349 non
1008 299 1156 348 servatum
1179 290 1290 349 redire:
1320 287 1361 347 cf.

198 398 421 474 inscriptionem
444 399 632 474 parietariam
655 398 869 474 Pompeianam
894 399 969 456 CIL.
995 400 1037 455 IV
1065 417 1148 470 ²440
1163 393 1187 481 ¹)

303 525 337 580 ln
362 523 463 581 fabula
490 543 546 580 201
575 523 665 581 verba
689 524 728 581 de
758 523 921 580 calliditate
943 523 1082 597 Autolyci
1106 533 1175 580 sunt
1198 516 1379 602 (127.16)·.

198 637 231 686 ut
251 631 391 706 quidquid
408 633 596 705 surripuisset,
613 633 642 686 in
665 648 857 705 quamcunque
871 631 989 704 ffgiem
1013 631 1099 699 uellet,
1116 637 1388 694 transmutaretur,

197 756 233 793 ex
258 738 320 795 albo
342 739 371 794 iu
395 739 507 811 rrrgrrum
530 738 629 794 velex
651 739 733 810 nigro
755 739 785 793 in
816 737 910 793 albium
934 746 989 796 etc.
1038 737 1139 810 Quam
1169 737 1397 796 calliditatem

199 844 323 903 Graecis
346 844 377 901 in
408 844 566 919 proverbio
582 837 603 922 2)
628 844 717 902 fuisse
750 844 862 902 docent
895 843 1022 902 Hesiodi
1056 845 1110 919 srg.
1148 864 1204 919 131
1232 842 1398 902 Kinkel:

305 944 375 1014 iiras
398 975 433 1014 κε
456 958 546 1038 χερσὶ
569 948 735 1026 λάβεσκον,
762 940 893 1013 οἷείὸελα
918 949 1031 1014 πάντα
1055 956 1218 1015 storum.

198 1061 236 1117 cs.
256 1061 347 1117 Hom.
373 1084 392 1121 τ
415 1075 488 1134 395,
518 1059 681 1133 Pherecyd.
703 1060 735 1119 fr.
762 1062 821 1132 63:
846 1057 911 1139 εἶχε
932 1053 994 1144 γαρ
1017 1055 1139 1139 ταύτην
1161 1057 1221 1140 τήν
1248 1067 1398 1140 τέχνητ

200 1161 295 1253 παροῖ
320 1171 380 1231 τοῦ
403 1163 535 1253 πατρός,
560 1158 642 1228 ὥστε
665 1159 738 1241 τούς
761 1161 967 1245 ἀνθρώπους,
994 1161 1048 1229 ὅτε
1071 1166 1203 1229 κλέπτοι
1228 1191 1268 1240 τι,
1288 1166 1330 1228 λα
1342 1186 1398 1229 ν·

199 1271 321 1337 θοίναν
344 1282 400 1337 καὶ
423 1271 464 1335 τοὶ
490 1278 669 1359 θρέμματα
699 1269 755 1356 τῆς
789 1272 878 1347 λείας
901 1269 1052 1337 οἷλλοιοῧν
1075 1272 1108 1349 ἐς
1131 1270 1150 1336 δ’
1173 1273 1269 1336 θέλοι
1291 1295 1398 1356 μορ·

199 1385 283 1465 φῆς
307 1383 403 1455 Etym.
429 1400 527 1457 magn.
552 1401 582 1456 p.
610 1397 722 1457 21.253
746 1376 880 1442 ἔκλεπτε
902 1377 976 1454 τούς
1010 1380 1130 1454 ἵππους
1160 1386 1217 1442 καὶ
1240 1378 1398 1442 α’λλοιο·

198 1495 314 1570 pavete
330 1485 426 1563 αὐτος
450 1483 600 1550 α’πετέλει
615 1505 620 1517 ·
637 1481 812 1571 ἐνήλλασσε
829 1484 865 1548 δὲ
887 1484 947 1561 τοὶς
962 1484 1071 1573 χροιοές
1095 1476 1207 1551 οὔτῶν
1219 1481 1272 1570 (cf.
1291 1489 1397 1546 Kin-

198 1596 269 1655 kelii
288 1605 391 1653 notam
408 1595 446 1654 ad
463 1596 517 1671 frg.
536 1589 686 1678 Hesiodi).
719 1595 778 1653 Sed
798 1613 979 1670 quamquam
995 1595 1185 1670 proverbium
1202 1616 1220 1654 a
1238 1594 1394 1655 Graecis

198 1713 354 1779 acceptum
378 1720 443 1761 esse
466 1712 598 1777 apparet,
616 1711 716 1760 tamen
739 1702 803 1759 sine
827 1701 919 1760 dubio
943 1702 1056 1777 Hygini
1080 1702 1191 1772 anim0‚
1211 1722 1279 1761 cum
1303 1718 1392 1762 ver-

198 1810 300 1869 bosius
325 1820 496 1886 exponeret,
521 1828 580 1884 qna
604 1809 718 1867 ratione
741 1810 905 1883 Autolycus
928 1809 1030 1884 pecori
1053 1809 1143 1867 aliam
1166 1811 1298 1885 speciem
1321 1811 1388 1868 in-

200 1918 321 1991 duisset,
347 1937 448 1976 versus
471 1917 620 1975 obversati
643 1926 710 1973 sunt
734 1916 876 1975 Ovidiani
900 1926 968 1974 met.
993 1918 1046 1986 XI,
1073 1937 1133 1992 313
1160 1937 1226 1993 sqq.

304 2028 430 2083 nascitur
451 2025 599 2099 Autolycus
612 2025 729 2098 furtum
752 2026 909 2097 ingeniosus
931 2026 974 2081 ud
992 2044 1079 2095 oraine,

305 2134 425 2191 candidu
449 2134 481 2190 de
503 2134 592 2207 nigris
614 2132 693 2188 etde
714 2132 890 2189 candentibus
912 2139 979 2188 utra

304 2243 356 2316 qui
368 2241 466 2315 saure
488 2240 630 2297 adsuerat.
646 2231 672 2318 3)

304 2365 464 2424 Bursianus
480 2375 509 2423 et
525 2364 703 2422 Schmidtius
718 2357 746 2447 4)
769 2373 863 2422 totum
880 2374 970 2439 caput
987 2363 1083 2422 eicere
1099 2366 1262 2437 voluerunt,
1281 2361 1367 2441 quod

198 2475 226 2532 ei
250 2474 327 2532 inter
350 2475 488 2548 exempla
510 2472 802 2531 transformationum
826 2474 909 2530 locus
932 2492 994 2530 non
1018 2483 1104 2543 esset,
1134 2484 1223 2548 atque
1247 2485 1365 2533 antece·

203 2582 286 2640 denti
318 2581 446 2650 fabulae,
478 2599 555 2656 quae
579 2590 624 2638 est
655 2581 693 2638 de
717 2580 843 2649 Chione,
876 2590 998 2656 propter
1029 2582 1208 2655 Autolycum
1231 2582 1362 2640 Chiones

200 2689 293 2747 filium
318 2688 489 2747 adiunctum
513 2707 578 2748 esse
601 2698 785 2764 putaverunt.
832 2689 982 2763 Equidem
1012 2708 1074 2746 non
1097 2689 1196 2758 vide0,
1222 2707 1274 2746 cur
1308 2686 1361 2766 ipsi

199 2797 322 2873 Hygino
345 2815 407 2854 non
425 2796 540 2854 licuerit
562 2806 683 2872 propter
699 2796 865 2871 argumenti
888 2795 1108 2870 cognationem,
1127 2814 1205 2871 quae
1229 2807 1274 2854 est
1297 2815 1360 2855 cum

200 2905 298 2981 capite
324 2924 394 2973 200,
421 2915 510 2979 caput
536 2923 593 2961 201
621 2904 758 2963 inserere.
774 2896 797 2986 5)
844 2908 883 2961 At
908 2904 1090 2962 Schmidtius
1122 2905 1141 2961 l.
1166 2905 1185 2963 l.
1219 2905 1360 2963 nonnulla

199 3013 290 3070 verba
317 3011 464 3086 capitibus
494 3029 565 3069 201.
594 3030 666 3069 202.
703 3031 762 3086 203
794 3010 964 3068 communia
993 3011 1149 3069 manifesta
1182 3029 1247 3071 esse
1278 3013 1358 3071 inter-

200 3118 360 3194 polationis
392 3116 503 3176 indicia
535 3118 658 3194 putavit,
683 3137 700 3177 e
732 3119 839 3194 quibus
874 3137 964 3176 unum
996 3129 1096 3178 tamen
1128 3119 1187 3177 hoc
1220 3120 1359 3196 gravioris

204 3226 347 3284 momenti
366 3225 482 3284 videtur
498 3243 581 3284 esse:
608 3225 712 3301 capitis
732 3246 789 3284 201
810 3224 955 3304 (127.17)
973 3228 1064 3284 verba
1078 3247 1113 3284 ex
1129 3228 1190 3284 albo
1205 3229 1235 3284 iu
1252 3231 1360 3301 πτζξναα

205 3343 376 3409 repetuntur
399 3333 497 3409 capite
528 3353 586 3391 202
612 3326 768 3413 (128.10).
816 3334 856 3390 At
892 3333 972 3391 unde
1005 3334 1095 3391 verba
1127 3334 1178 3392 illa
1205 3335 1236 3392 in
1267 3336 1360 3412 capite

207 3461 265 3499 201
292 3441 396 3499 hausta
420 3441 487 3512 sint,
512 3440 649 3500 vidimus.
697 3441 733 3498 'ln
756 3441 854 3516 capite
876 3458 947 3499 vero
981 3460 1039 3499 202
1071 3451 1151 3500 recte
1182 3443 1361 3518 respondent

310 3738 329 3807 ¹)
346 3742 421 3806 Verg.
440 3743 505 3795 Aen.
525 3740 570 3810 VI,
584 3741 649 3803 289:
672 3741 777 3789 forma
795 3741 1004 3804 tricorporis
1021 3743 1168 3791 umbrae.

306 3829 328 3897 ⁹)
348 3830 381 3880 cf.
403 3831 600 3880 Preller-Robert
619 3846 656 3894 gr.
677 3829 755 3893 myth.
774 3829 786 3885 l
804 3845 830 3892 p.
851 3843 903 3892 409
922 3847 949 3879 n.
973 3844 996 3880 1.

308 3918 328 3986 ³)
347 3921 379 3970 cf.
400 3920 513 3970 Iuvenal.
534 3927 580 3976 sat,
599 3921 644 3979 111,
659 3933 702 3984 30.

309 4007 331 4076 ⁴)
350 4011 454 4060 Bursian
482 4010 637 4062 Fleckeisen.
667 4010 752 4059 annal.
782 4008 845 4073 phil.
867 4010 962 4080 XCIII,
992 4027 1018 4075 p.
1042 4021 1106 4074 779;
1139 4011 1253 4061 Schmidt
1282 4012 1361 4078 praei.

202 4119 226 4166 p.
246 4101 341 4150 XXVI.

308 4189 330 4260 ⁵)
348 4197 476 4256 praeterea
495 4191 527 4247 cf,
545 4191 622 4240 verba
640 4188 669 4258 (l.
694 4188 735 4257 19)
762 4206 830 4239 cum
849 4191 994 4256 Sisyphi
1021 4208 1120 4256 pecus
1146 4192 1286 4242 assidue
1313 4194 1362 4242 in·

202 4282 348 4335 volaret
368 4289 394 4331 et
413 4297 435 4330 c.
459 4291 506 4348 125
527 4279 602 4346 (108.
623 4282 682 4347 21):
705 4279 792 4330 socii
810 4280 1005 4330 involarunt
1023 4297 1134 4348 pecus,
