3136 5354
152 1362 155 1415 ἰ
197 1303 239 1364 cf.
284 1329 307 1367 v.
332 1313 404 1386 632.
420 1305 444 1389 ²)

676 322 817 474 ²2³⁹
863 389 907 404 ..

158 564 164 597 -’
228 554 315 616 verbis
336 555 535 635 hypotheseos
559 557 703 628 Graecae,
723 575 812 633 quam
828 553 997 616 Antoninus
1016 552 1162 616 Liberalis
1181 573 1219 613 νο
1238 549 1372 626 servavit,

220 682 365 739 quamque
398 685 415 724 a
447 668 528 724 Boeo
545 662 568 742 ¹)
599 676 629 724 et
654 665 776 724 Simmia
806 665 927 724 Rhodio
962 665 1092 740 pendere
1124 672 1245 721 testatur
1275 661 1373 720 titulus

214 772 386 848 marginalis
410 772 621 850 interpolatus:
667 771 787 848 Λύκιος
821 771 858 835 δὲ
889 766 1089 853 μεταβαλών
1119 769 1245 849 ἐγένετο
1272 765 1374 848 κόραξ

207 871 249 938 νδ
274 881 388 966 χρῶμα
404 879 523 956 λευκός,
542 871 636 956 αὖτις
660 880 696 944 δὲ
718 875 818 974 βουλῇ
834 877 1041 954 ’Λπόλλωνος
1068 876 1192 958 ἐγένετο
1223 874 1372 953 κνάνεοςς

204 984 241 1043 cf.
286 987 369 1047 Ovid.
394 999 462 1048 met.
488 992 524 1060 H,
551 1006 609 1065 535
636 1008 681 1064 sq.

321 1113 397 1154 carue
419 1098 525 1173 loquax
547 1099 634 1154 subito
656 1099 800 1169 nigrantes
822 1115 917 1154 auersus
940 1097 969 1152 in
992 1096 1064 1152 aliis.

320 1223 385 1260 rrum
400 1205 467 1279 fult
486 1207 554 1262 hirec
573 1206 713 1279 qualidum
737 1205 824 1261 niveis
847 1211 977 1276 argentea
994 1204 1104 1277 periuris.

1244 1364 1267 1387 a

322 1417 438 1490 Quibus
462 1418 603 1494 exemplis
627 1418 860 1477 demonstratum
885 1427 927 1474 est
944 1417 1054 1474 lumina
1078 1415 1219 1473 orationis
1243 1413 1372 1471 sermoni

197 1524 335 1591 poetico
359 1526 469 1594 debita,
495 1544 572 1600 quae
595 1525 757 1584 narrationi
791 1524 917 1582 fabulari
948 1524 1057 1599 passim
1082 1524 1307 1598 adsperguntur,
1333 1520 1371 1577 ab

197 1621 285 1696 ipso
305 1633 520 1709 mythographo
543 1635 677 1709 prosecta
700 1651 774 1692 esse.
822 1633 857 1691 Id
881 1644 988 1704 autem,
1014 1632 1096 1706 quod
1128 1630 1211 1706 quasi
1242 1627 1371 1704 positum

198 1747 242 1786 ac
278 1757 448 1798 concessum
464 1741 651 1816 sumpsimus,
668 1742 753 1798 firmo
777 1750 952 1815 argumento
970 1739 1196 1814 comprohatum
1215 1746 1258 1794 est
1274 1737 1371 1793 sontes

199 1835 326 1920 Hygini
349 1865 413 1906 esse
430 1848 573 1917 Graecos
591 1848 731 1906 leviorem
755 1865 819 1905 esse
836 1847 1040 1905 auctoritatem
1065 1844 1278 1920 exemplarium
1293 1841 1370 1900 Lati·

151 2016 153 2031 Ι
199 1959 327 2012 norum.
374 1955 479 2030 Itaque
504 1974 571 2012 cum
594 1965 692 2014 cetera
714 1955 813 2030 poesis
838 1954 972 2029 vestigia,
998 1972 1074 2028 quae
1108 1951 1228 2010 suntin
1252 1949 1368 2019 fabulis,

201 2065 385 2119 enumerare
409 2061 440 2118 in
471 2062 570 2119 animo
603 2062 648 2131 sit,
674 2061 777 2120 iterum
810 2062 975 2135 iterumque
1008 2059 1194 2118 monebimus
1226 2057 1369 2132 reliquam

199 2167 410 2227 narrationem
435 2169 473 2226 ad
498 2169 711 2244 compendium
734 2169 966 2245 mythologicum
991 2168 1095 2226 redire.
1143 2167 1280 2224 Ceterum
1303 2182 1370 2221 cau·

201 2261 323 2333 tissime
352 2277 581 2336 examinandum
610 2295 685 2348 esse,
721 2295 791 2334 num
822 2277 946 2336 imitatio
975 2275 1121 2336 eiusmodi
1155 2284 1257 2344 exstet,
1282 2290 1371 2346 supra

202 2383 387 2441 monuimus.
437 2385 489 2453 Ea,
508 2403 586 2458 quae
605 2384 786 2444 Schmidtius
810 2385 841 2442 in
857 2384 965 2443 fabulis
983 2388 1022 2460 98
1038 2376 1062 2463 3)
1085 2393 1113 2442 et
1136 2384 1194 2454 148
1212 2400 1279 2439 cum
1296 2379 1369 2438 locis

207 2477 368 2548 Ovidianis
393 2492 527 2559 contulit,
546 2510 728 2567 quamquam
752 2492 915 2550 similitudo
939 2493 1085 2567 quaedam
1109 2489 1212 2565 negari
1234 2507 1296 2547 non
1318 2506 1369 2562 po-

208 2593 279 2666 test,
302 2599 426 2657 fortasse
461 2599 526 2675 ipso
549 2601 766 2676 mythographo
798 2600 892 2659 inscio
925 2600 956 2657 in
989 2617 1155 2657 sermonem
1183 2597 1367 2672 irrepserunt.

211 2692 323 2763 Dubito
347 2705 438 2764 etiarn
465 2706 503 2764 de
527 2707 627 2764 fabula
651 2723 701 2782 75,
731 2726 820 2782 quam
837 2708 989 2782 Hyginum
1013 2707 1051 2764 ab
1074 2704 1230 2781 hypothesi
1247 2704 1369 2761 Melam-

218 2812 321 2879 podiae
346 2813 648 2872 Pseudo-Hesiodeae
673 2814 826 2891 accepisse
849 2825 980 2873 extrema
1003 2815 1093 2872 verba
1117 2813 1226 2871 docent
1240 2812 1316 2870 lovis
1337 2811 1370 2867 ab

218 2914 248 2971 id
255 2921 330 2994 fecit,
347 2927 381 2976 ut
400 2927 497 2995 septem
520 2928 621 2979 aetates
636 2924 740 2979 viveret
761 2933 933 2998 comparata
956 2940 1022 2979 cum
1045 2938 1130 2978 versu
1147 2917 1369 2994 Melampodiae

219 3027 361 3086 aTzetza
385 3028 424 3086 ad
447 3029 595 3103 Lycophr.
622 3032 682 3086 682
709 3039 844 3092 servato:

314 3130 402 3197 ἑπτά
432 3139 457 3195 τ’
491 3131 547 3198 ἐπὶ
573 3129 667 3210 ζώειν
701 3131 813 3214 γενεάς
835 3129 987 3218 μερόπων
1010 3132 1209 3221 ἀνθρώπων.

316 3242 408 3301 Cuius
433 3243 474 3301 rei
491 3245 602 3303 mentio
618 3246 649 3302 in
673 3245 840 3303 narratione
858 3245 1009 3303 Ovidiana
1032 3253 1100 3301 met.
1126 3244 1176 3312 ΙΠ,
1195 3245 1321 3316 316-3
1327 3243 1366 3314 38

149 3356 151 3387 ³
216 3347 301 3407 deest.
349 3352 487 3409 Fortasse
510 3353 601 3410 verba
624 3353 795 3427 Hyginiana
819 3346 906 3428 (79.2
913 3347 947 3434 3)
970 3354 1043 3409 mter
1067 3352 1160 3408 lovem
1185 3357 1214 3406 et
1233 3349 1368 3406 Ιννννννι

209 3456 269 3527 suit
297 3459 385 3515 iocosa
411 3459 551 3517 altercatio
583 3461 743 3535 respiciunt
773 3460 875 3518 Ovidii
899 3478 1014 3518 versum
1039 3478 1119 3534 332:
1143 3459 1175 3514 dc
1206 3459 1252 3514 lite
1274 3459 1361 3513 iocosa

314 3648 334 3718 ¹)
354 3651 394 3699 De
419 3651 488 3699 Boeo
516 3652 661 3700 Knaaclrius
689 3653 739 3716 egit
772 3653 847 3700 anull.
875 3653 1009 3704 Alexandr.
1031 3680 1061 3688 «-
1083 3653 1157 3698 Rom.
1194 3667 1220 3714 p.
1245 3665 1254 3699 1
1281 3667 1318 3714 sq.
1345 3659 1369 3699 et

213 3739 404 3788 wochenschrist
422 3739 440 3787 s.
461 3740 538 3788 klass.
560 3741 647 3803 philol.
674 3741 739 3802 1890
758 3758 784 3804 p.
808 3755 851 3804 39.
891 3742 961 3789 ldem
981 3741 1073 3798 omnia,
1096 3757 1158 3804 quae
1177 3741 1216 3804 ,de
1235 3741 1273 3788 his
1293 3722 1369 3788 titulis

211 3830 308 3891 prolata
327 3837 393 3896 suut,
415 3829 517 3877 contulit
537 3831 613 3877 ariall.
636 3848 659 3892 p·
681 3845 694 3878 2
716 3848 741 3879 rr.
769 3845 787 3882 ι.

318 3914 341 3983 ²)
360 3919 489 3981 Hyginum
509 3918 628 3986 fabulam,
649 3937 713 3984 quae
732 3930 769 3969 est
788 3922 819 3969 de
840 3921 976 3986 Coronide,
992 3920 1050 3967 licet
1062 3935 1158 3982 prorsus
1175 3935 1229 3966 cum
1245 3919 1369 3974 Ovidiana

211 4009 336 4075 concinat,
359 4024 374 4056 a
393 4007 496 4056 Graecis
515 4010 638 4071 accepisse
657 4011 715 4057 inde
735 4011 893 4074 intellegitur,
910 4011 977 4074 quod
997 4025 1088 4057 nomen
1107 4009 1223 4056 amatoris
1237 4007 1369 4057 Coronidis

208 4098 272 4161 quod
292 4097 399 4145 Ovidius
419 4098 519 4165 omittit,
541 4099 619 4147 affert.
659 4100 816 4164 Quamquam
837 4100 916 4148 forma
932 4098 1048 4164 nominis,
1064 4114 1138 4163 qrram
1158 4098 1236 4146 codex
1250 4097 1281 4146 F.
1299 4113 1368 4160 prae·

207 4187 289 4252 hebat,
312 4196 426 4250 corrupta
445 4195 491 4236 est.

313 4273 333 4344 8)
354 4276 436 4325 Verba
455 4277 639 4341 caliginem
657 4279 704 4327 eis
724 4280 857 4328 obiecit
876 4295 926 4326 non
947 4297 961 4327 a
980 4288 1046 4328 certo
1065 4278 1301 4341 metamorphoseon
1313 4277 1369 4328 loco

208 4358 272 4425 (XII,
291 4367 336 4428 32)
356 4366 474 4428 pendent,
497 4367 541 4415 sed
560 4367 708 4416 elocutionis
727 4369 887 4432 Hygirrianae
906 4379 962 4417 simt
981 4370 1004 4416 iu
1025 4370 1165 4418 universum
1183 4366 1279 4431 poetice
1299 4368 1369 4416 colo-

207 4461 286 4513 rutae;
311 4454 344 4503 cs.
365 4471 385 4504 c.
407 4467 439 4515 24
459 4459 515 4521 (54,
538 4456 581 4523 νο)
600 4457 779 4522 caliginem
800 4459 853 4508 eis
873 4459 1022 4516 obiecit¹
1046 4476 1059 4509 c
1080 4472 1093 4506 2
1113 4457 1168 4525 (38.
1181 4455 1226 4523 26)
1245 4456 1275 4505 ei
1293 4458 1369 4511 cali·

208 4545 317 4595 hinem
336 4544 476 4595 iniecit.
