3120 5354
666 236 884 294 ..40-

198 415 313 476 Eadem
345 417 421 476 ratio
455 418 530 476 inter
558 419 670 494 Hygini
701 419 832 477 fabulam
863 421 902 495 36
939 419 1121 496 Ovidii-que
1156 417 1333 487 narrationem,
1374 409 1392 465 ”l-

198 543 274 599 quae
309 525 347 584 de
382 526 537 600 apotheosi
570 525 707 584 Herculis
743 536 787 584 est
821 525 900 602 (met.
935 527 997 598 IX,
1040 519 1250 609 1347272),
1280 525 1336 583 inter·
1379 535 1386 573 2

197 632 287 690 cedit.
334 633 487 690 Nonnulla
518 633 559 690 ita
582 643 756 709 congruunt,
790 643 821 692 ut
853 633 941 691 facile
974 633 1145 709 quispiam,
1172 633 1234 690 nisi
1264 633 1297 691 de
1315 633 1338 691 lu
1379 645 1392 700 {t

196 740 267 798 bula
296 740 469 814 pervulgata
501 749 606 815 agatur
628 739 829 814 Ovidiumque
852 739 1053 798 narrationem
1086 740 1122 796 in
1148 740 1272 798 brevius
1297 757 1343 797 coa
1381 752 1391 788 t

197 847 319 905 traxisse
337 856 447 922 pateat,
471 856 626 922 utrumque
650 847 800 905 communi
832 847 989 922 hypothesi
1014 864 1105 904 usum
1133 843 1205 905 esse
1230 845 1348 922 suspicari

197 954 299 1029 possit.
346 955 452 1028 Neque
484 954 563 1012 enim
586 965 676 1030 poeta
690 951 712 1031 1)
743 973 841 1030 neque
871 955 1107 1030 mythographns
1136 955 1303 1013 Herculem
1326 971 1350 1012 er
1388 966 1392 1001 '2

197 1062 321 1120 Euboea
338 1061 488 1119 Trachina
511 1062 666 1138 navigasse
682 1062 790 1121 diserte
815 1071 1037 1120 commemorat.
1085 1062 1189 1137 Apud
1213 1073 1353 1136 utrumque

197 1170 300 1226 Lichas
310 1187 432 1233 „nomen
457 1180 501 1226 est
523 1169 579 1243 ipsi
603 1188 684 1240 saxo,
709 1170 791 1245 quod
815 1171 903 1244 vulgo
926 1167 1047 1248 τύμβος
1063 1173 1162 1249 Λίχα
1190 1170 1258 1228 sive
1281 1173 1354 1250 σᾶμα

197 1280 286 1357 Λίχα
304 1277 470 1351 appellatur
487 1275 608 1352 (Preller
626 1296 674 1349 gr.
691 1279 774 1351 myth.
791 1279 820 1334 II
843 1297 872 1352 p.
894 1292 951 1351 255
969 1296 998 1333 n.
1028 1275 1066 1354 1).
1100 1277 1225 1335 Neuter
1241 1275 1356 1350 denique

198 1383 281 1458 Hylli
305 1383 486 1441 mentionem
510 1382 589 1442 facit.
637 1384 789 1459 Hyginum
820 1385 916 1459 ipsum
941 1384 1073 1442 Graecos
1097 1383 1208 1442 adisse
1233 1384 1295 1442 alia
1315 1392 1357 1441 tes

197 1500 304 1560 tantur,
330 1508 405 1565 quae
433 1489 559 1548 Ovidius
583 1491 691 1548 omittit
720 1501 770 1549 aut
800 1509 877 1566 quae
909 1489 1023 1548 diverse
1056 1490 1095 1547 ab
1120 1489 1161 1548 iis
1187 1490 1357 1550 indicantur.

198 1599 283 1656 Unus
306 1598 536 1672 mythographns
567 1597 724 1672 Sophoclis
748 1598 922 1656 Trachinius
956 1599 1016 1670 672
1050 1615 1118 1671 sqq.
1156 1607 1283 1656 secutus
1312 1600 1359 1656 De

197 1704 322 1762 ianiram
340 1714 475 1763 naturam
491 1704 607 1774 veneni,
625 1723 684 1780 quo
702 1702 840 1763 Herculis
863 1705 951 1762 vestis
967 1703 1080 1761 imbuta
1104 1714 1184 1774 erat,
1203 1724 1280 1763 casu
1302 1716 1359 1764 ante

197 1812 308 1870 tristem
330 1812 465 1869 nuntium
491 1811 668 1886 cognovisse
691 1813 821 1887 factique
845 1831 911 1870 eam
934 1810 1116 1887 paenituisse
1133 1812 1241 1871 tradit.
1280 1811 1359 1889 Apud

197 1920 276 1976 hunc
299 1930 449 1994 praeterea
472 1921 550 1977 Ioles
574 1919 758 1978 advenientis
782 1921 877 1978 forma
900 1919 1042 1977 invidiam
1058 1918 1231 1978 Deianirae
1248 1920 1357 1988 excitat,

198 2027 278 2101 apud
308 2036 426 2101 poetam
458 2022 496 2094 (v.
527 2027 600 2105 145)
633 2036 701 2085 ante
731 2028 866 2085 aemulae
898 2026 1056 2084 adventum
1080 2026 1198 2084 Lichas
1233 2027 1359 2086 mittitur.

199 2133 259 2191 Sed
280 2133 436 2207 vestigium
459 2134 634 2192 narrationis
658 2134 794 2210 poeticae
818 2134 848 2190 in
879 2134 980 2191 fabula
1010 2151 1075 2190 esse
1106 2133 1293 2194 iamdudum
1316 2135 1360 2193 oh

198 2250 342 2298 servatum
365 2250 417 2298 est.
466 2242 610 2300 Hercules
626 2241 751 2300 Licham
774 2250 949 2300 rotatum
971 2240 1001 2298 in
1025 2259 1107 2298 mare
1131 2241 1287 2301 iaculatus
1304 2259 1360 2301 esse

198 2347 316 2405 dicitur:
342 2357 410 2406 met.
435 2351 575 2422 IX,217.
604 2353 663 2406 218

303 2462 396 2529 terque
426 2463 578 2530 quaterque
611 2463 777 2514 rutatum

198 2563 282 2619 mittit
310 2564 339 2620 r'u
362 2563 501 2620 Euboicas
530 2571 662 2621 termento
674 2565 784 2639 fortius
807 2565 906 2622 undas.

199 2671 235 2727 cs.
262 2671 329 2728 Sen.
355 2671 445 2728 Herc.
471 2671 525 2728 sur.
555 2690 633 2727 1011

304 2778 345 2834 bis
367 2785 409 2834 ter
430 2785 557 2834 rotatu
565 2798 592 2834 m
615 2779 697 2835 raisit.

305 2884 432 2942 Accedit
454 2885 594 2943 flosculus
622 2885 652 2942 in
684 2885 785 2942 fabula
813 2887 882 2959 198,
907 2903 984 2959 quae
1017 2884 1055 2942 de
1078 2883 1179 2958 Scylla
1202 2886 1275 2944 Nisi
1305 2886 1362 2945 filia

199 3001 252 3062 est,
277 3010 313 3050 ex
337 2991 448 3050 Ovidio
472 2992 628 3050 delibatus.
675 2991 853 3050 Schmidtius
877 2991 979 3050 docuit
1002 2993 1091 3050 verba
1114 2983 1207 3071 (126.
1241 2995 1296 3073 17)
1316 2994 1362 3051 Ille

199 3100 312 3171 negauit
336 3099 433 3156 Cretera
456 3101 657 3157 sanctissimam
680 3107 788 3157 tautum
811 3101 893 3157 scelus
908 3107 1075 3174 recepturam
1091 3098 1247 3173 respicere
1265 3120 1361 3161 versus

146 3218 149 3223 '
200 3204 365 3266 Ovidianos
389 3216 457 3265 met.
483 3208 563 3277 VIII,
579 3227 629 3283 99.
657 3227 716 3265 100

304 3321 371 3373 certe
393 3333 439 3386 ega
465 3333 520 3371 aaa
536 3316 640 3389 patrar
660 3316 737 3372 leuis
759 3315 938 3385 racrerrabula,
967 3314 1062 3371 Cretera

306 3467 312 3479 .
339 3467 345 3479 .
372 3467 378 3479 .
402 3429 510 3478 tautum
533 3424 866 3496 caretmgere,rtrumtrma

304 3530 345 3585 At
376 3538 580 3603 argumentum
612 3529 789 3588 narrationis
814 3527 1004 3603 Hyginianae
1039 3528 1077 3586 ab
1110 3527 1270 3591 Ovidiana
1303 3552 1361 3593 non

199 3635 272 3693 nihil
297 3635 454 3712 discrepat,
473 3655 652 3713 quamquam
668 3648 791 3712 uterque
807 3636 925 3694 fabulae
942 3638 1068 3695 sormam
1084 3637 1327 3700 Alexandrinam
1340 3636 1360 3725 ²)

199 3743 338 3819 sequitur.
384 3744 475 3820 Apud
498 3745 745 3821 mythographum
762 3744 861 3803 Minos
879 3745 1017 3820 Scyllam,
1036 3762 1095 3820 quo
1119 3744 1237 3804 facilius
1255 3748 1361 3808 Nisum

306 4041 325 4110 1)
343 4043 376 4092 cs.
396 4044 533 4107 Hauptium
552 4044 584 4093 ad
603 4061 685 4094 versus
707 4044 753 4106 165
774 4051 799 4092 et
818 4044 878 4092 226.

310 4129 332 4200 ²)
350 4133 475 4181 Vetustior
492 4144 529 4182 est
548 4134 614 4198 apud
632 4134 783 4197 Aeschylum
803 4133 917 4197 Choeph.
934 4133 983 4196 596
1002 4150 1023 4182 s.
1060 4135 1128 4182 Inter
1139 4135 1294 4196 posteriores
1307 4138 1362 4188 Pru·

199 4224 296 4273 thenius
316 4222 426 4271 fabulam
448 4223 560 4273 tractavit
578 4224 704 4290 (Eustath.
726 4224 831 4287 Dionys.
852 4224 946 4287 Perieg.
968 4221 1043 4291 420),
1064 4238 1137 4287 quem
1158 4223 1268 4275 sortasse
1281 4229 1363 4277 reddit

200 4313 263 4363 Ciris
288 4313 553 4377 Pseudo·Vergiliana;
583 4314 615 4369 cf,
640 4313 729 4363 Rohde
753 4331 790 4377 gr.
816 4330 903 4364 roman
922 4330 946 4376 p.
966 4326 999 4378 93
1028 4330 1054 4362 n.
1075 4326 1099 4375 3,
1127 4312 1169 4377 qui
1196 4315 1303 4366 uberius
1333 4319 1363 4367 de

199 4401 284 4451 fabula
302 4403 361 4467 egit.
