3136 5354
693 928 869 1058 Vita

733 1187 838 1194 .-.,-..-...-

304 1318 397 1374 Natus
429 1334 493 1373 sum
522 1316 653 1388 Joannes
687 1314 791 1372 Dietze
822 1312 1054 1371 Chemnitiensis
1087 1322 1113 1371 ass
1146 1313 1175 1373 d.
1201 1316 1273 1371 XVI
1296 1315 1365 1372 Kal.

198 1425 278 1498 Sept.
305 1443 330 1482 a.
357 1424 456 1480 LXIX
480 1432 562 1497 patre
587 1423 712 1478 Ernesto
737 1421 867 1478 Aemilio
890 1439 988 1478 rerum
1020 1420 1178 1495 postalium
1207 1423 1367 1480 secretario

197 1531 357 1605 superiore,
383 1541 476 1587 matre
501 1530 576 1586 Lina
601 1548 616 1586 e
640 1539 729 1603 gente
754 1531 866 1586 Protze.
915 1528 1000 1585 Fidei
1025 1528 1161 1586 addictus
1193 1548 1257 1587 sum
1281 1549 1367 1588 evan-

196 1639 343 1712 gelicae.v
369 1637 474 1722 Brinno
498 1637 660 1694 litterarum
686 1635 840 1694 elementis
865 1636 995 1693 imbutus
1019 1635 1049 1693 in
1066 1637 1225 1711 gymnasio
1244 1640 1368 1696 Hanno-

197 1764 316 1813 veran0,
336 1746 417 1818 quod
441 1762 551 1801 nomen
576 1744 614 1800 ab
631 1743 810 1823 imperatore
829 1744 980 1800 Guilebno
997 1743 1088 1810 ducit,
1106 1762 1174 1800 cum
1195 1747 1367 1819 parentibus

198 1853 338 1908 Altonum
356 1853 357 1856 ’
375 1851 499 1925 migravi
534 1850 744 1925 gymnasiique
768 1850 947 1908 Christianei
984 1851 1024 1907 sui
1058 1851 1229 1927 discipulus.
1273 1854 1368 1917 >Cuius

197 1969 404 2032 praeceptores
430 1958 608 2032 optimarum
633 1958 739 2014 artium
765 1945 895 2014 studium
921 1977 1104 2032 magnopere
1134 1958 1164 2016 in
1188 1978 1236 2016 me
1259 1961 1367 2020 aluisse

197 2076 281 2140 grato
317 2085 383 2122 cum
419 2066 519 2122 animo
554 2066 704 2139 profiteor.
762 2067 854 2146 Vere·
880 2065 951 2122 anni
985 2067 1158 2123 LXXXVII
1192 2068 1367 2125 maturitatis

199 2159 369 2229 testimonio
394 2173 551 2229 instructus
569 2173 740 2229 lierolinum
765 2191 813 2229 me
837 2173 982 2240 transtuli
1001 2184 1032 2230 ut
1053 2173 1157 2230 studiis
1177 2174 1366 2249 philologieis

198 2297 321 2352 operam
354 2281 464 2337 darem.
512 2282 582 2336 Post
613 2280 673 2336 duo
707 2280 860 2337 semestria
895 2279 1117 2338 universitatem
1150 2283 1366 2340 Monacensem

196 2386 277 2459 petii,
303 2386 353 2442 ubi
377 2387 517 2444 Schoellii
543 2388 692 2444 beneficio
715 2387 979 2444 exercitationibus
1004 2387 1158 2444 seminarii
1191 2389 1367 2464 philologici

198 2493 363 2550 intereram.
412 2496 580 2551 Auctumno
605 2494 739 2552 eiusdem
763 2495 834 2551 anni
859 2494 972 2552 Kiliam
1003 2495 1135 2569 migravi.
1183 2497 1313 2554 Blassius
1338 2507 1367 2555 et

199 2602 464 2658 Forchhammerus
489 2602 618 2676 benigne
642 2602 713 2658 mihi
738 2612 958 2670 concesserunt,
984 2612 1016 2659 ut
1039 2621 1093 2676 per
1125 2603 1181 2661 tria
1213 2606 1365 2663 semestria

198 2709 309 2764 sculalis
344 2709 510 2766 ordinarius
545 2709 695 2766 seminarii
727 2709 901 2784 philologici
937 2728 1047 2768 essem.
1096 2713 1251 2769 Praeterea
1283 2713 1365 2770 adfui

199 2815 457 2872 exercitationibus
482 2816 671 2890 philologieis
695 2816 812 2874 Bnmsii
836 2828 865 2895 et
889 2817 1045 2887 Foersteri‚
1065 2817 1213 2877 historicis
1230 2820 1363 2888 Busoltii,

198 2922 359 2978 theodiscis
383 2922 494 2996 Vogni,
526 2923 670 2997 Geringii‚
697 2924 870 2980 Erdmanni.
918 2925 953 2979 In
986 2925 1095 2982 scholis
1132 2944 1180 2984 rne
1212 2927 1279 2985 hice
1311 2927 1365 2985 viri

199 3029 380 3087 docuerunt:
406 3031 498 3098 Blass
525 3031 670 3099 Bresslau,
696 3033 800 3098 BrunS,
827 3031 921 3098 Diels,
947 3032 1111 3100 Erdruann,
1130 3035 1275 3102 Foerster‚
1294 3035 1364 3091 Glo-

198 3156 264 3209 gau,
291 3137 406 3208 Krohn,
432 3138 567 3205 Paulson,
593 3139 716 3206 Robert,
737 3140 774 3196 R.
794 3138 924 3207 Schoell,
944 3140 1073 3209 Vahlen,
1092 3143 1182 3215 Vogt‚
1201 3131 1362 3200 Woelfflin.

200 3245 317 3316 Quibus
342 3245 409 3300 viris
434 3265 501 3301 eum
526 3246 664 3302 omnibus
688 3247 798 3320 gratias
825 3266 923 3320 agam,
950 3258 1011 3304 tum
1036 3247 1066 3303 in
1091 3257 1267 3322 perpetuum
1290 3249 1363 3306 obli-

198 3361 281 3423 gatus
305 3370 369 3409 sum
394 3353 517 3425 Illassio.
543 3354 677 3422 Brunsio‚
696 3356 862 3423 Foerstero,
882 3355 932 3429 qui
958 3365 986 3412 et
1004 3355 1103 3412 studia
1120 3375 1187 3413 mea
1203 3357 1364 3415 liberaliter

199 3458 380 3515 adiuuabant
402 3471 430 3517 et
454 3462 626 3535 ceteroquin
652 3462 827 3519 auctoritate
851 3482 886 3518 ac
911 3463 1124 3521 benevolentia
1139 3483 1187 3521 me
1203 3483 1362 3539 proseque-

199 3565 313 3623 bantur.
363 3570 532 3625 l⁴'oersterus
561 3569 643 3641 mihi,
669 3589 735 3626 cum
769 3570 826 3628 hoc
858 3571 1033 3648 opusculum
1066 3572 1255 3642 conficerem,
1280 3591 1362 3630 num-

199 3691 286 3747 quam
310 3675 412 3733 defuit.
